3316 6240
350 771 384 839 vi
788 791 971 842 corrasis,

350 1001 419 1068 (22.)
445 1001 610 1056 Infirmatio
628 1001 746 1056 thoma

348 1086 417 1153 (23.)
442 1085 500 1141 Ηίο
519 1086 715 1155 suffraganeos
734 1103 800 1141 suos
818 1086 945 1142 consulit

348 1170 418 1236 (24.)
444 1170 608 1226 Consilium
627 1171 826 1241 episcoporum

349 1254 418 1322 (25.)
443 1255 566 1309 Portans
585 1271 701 1311 crucem
720 1272 802 1310 suam
816 1255 934 1326 exponit
952 1273 982 1310 se
1000 1257 1131 1327 periculo
1149 1276 1201 1330 pro
1214 1260 1313 1315 defen·

454 1338 534 1393 sione
553 1339 683 1393 ecclesiae
710 1369 1311 1388 ......
1365 1346 1401 1400 34

348 1421 416 1488 (26.)
442 1422 587 1476 Convenit
607 1440 659 1476 rex
682 1422 832 1493 episcopos
857 1440 945 1494 super
969 1425 1226 1483 consuetudinibus
1252 1430 1311 1484 suis

453 1505 638 1560 observandis

347 1591 415 1658 (27.)
440 1591 578 1663 Appellat
596 1591 720 1645 Thomas

346 1675 415 1743 (28.)
440 1675 520 1730 Dant
544 1675 697 1729 consilium
715 1673 907 1730 Eboracensie
926 1679 956 1728 et
974 1673 1187 1732 londoniensis
1206 1685 1239 1734 nt
1265 1681 1309 1734 in-

452 1766 617 1815 carceratur
636 1760 761 1813 Thomas

345 1840 411 1908 (29.)
437 1841 537 1911 Exigit
555 1859 606 1896 rex
624 1858 641 1895 a
659 1841 770 1895 Thema
787 1841 912 1911 triginta
929 1840 1023 1895 millia
1041 1841 1182 1898 librarum
1296 1879 1307 1889 -

346 1926 413 1992 (30.)
438 1925 551 1982 Volunt
569 1925 689 1979 comites
707 1925 848 1980 Thomam
863 1924 975 1995 judicio
993 1925 1131 1980 damnare
1179 1961 1188 1971 -
1297 1963 1306 1973 -
1364 1932 1395 1985 ‘.

345 2009 414 2075 (31.)
440 2007 562 2064 Recedit
580 2009 705 2064 Thomas
723 2009 841 2079 acaria
942 2039 951 2051 ·
1060 2042 1069 2052 -
1177 2044 1188 2054 -
1296 2045 1306 2057 -

344 2092 413 2159 (32.)
440 2092 497 2161 [Da
514 2093 629 2147 visione
648 2092 739 2157 ericii,
760 2092 810 2164 qni
828 2109 859 2147 se
877 2090 909 2148 in
926 2108 1007 2146 mare
1024 2092 1119 2161 misit]
1176 2128 1185 2138 -
1295 2129 1305 2138 -

345 2175 414 2243 (33.)
441 2176 591 2245 [Pervenit
609 2176 734 2231 Thomas
752 2176 784 2229 in
802 2176 872 2246 fuga
889 2175 927 2230 ad
944 2175 1041 2231 vicum
1063 2177 1091 2232 S.
1111 2178 1304 2250 Andomari]·

345 2259 409 2330 (34.)
435 2260 514 2314 Petit
532 2260 656 2314 Thomas
684 2259 740 2314 sibi
769 2258 944 2314 conductum
973 2259 1036 2314 dari
1062 2265 1224 2318 transeunti
1253 2283 1306 2335 per

449 2343 602 2399 Fla-adrias

344 2429 410 2497 (35.)
435 2429 530 2483 Mittit
548 2445 599 2483 rex
617 2427 736 2482 nuntios
754 2431 856 2481 contra
873 2426 1123 2498 archiepiscopum
1142 2431 1179 2484 ad
1204 2449 1304 2501 regem

449 2514 629 2567 Francorum
632 2540 1305 2556 -------

343 2597 412 2665 (36.)
437 2596 539 2652 Miasio
558 2595 730 2651 nuntiorum
758 2598 860 2648 contra
883 2594 1131 2666 archiepiscopum
1151 2597 1188 2651 od
1213 2597 1304 2652 domi·

448 2699 520 2736 num
537 2697 642 2752 papam

343 2763 409 2832 (37.)
433 2765 588 2819 Adventus
606 2761 798 2835 archipiscopi
817 2762 854 2816 ad
873 2761 1022 2818 dominum
1041 2780 1145 2835 papam
1175 2797 1184 2807 -
1293 2799 1302 2809 -

342 2849 402 2916 (38)
429 2848 603 2920 Proscriptio
622 2846 832 2917 archiepiscopi
851 2851 881 2900 et
898 2853 1086 2917 cognatorum
1106 2847 1168 2919 ejus

341 2933 410 3001 (39.)
435 2933 553 2988 Littera
572 2932 689 2987 Thomas
707 2931 743 2986 de
758 2932 958 3003 prosecutione
977 2931 1178 3002 appellationis
1195 2951 1255 2988 suaa
1274 2942 1304 2990 et

446 3016 619 3089 spoliatione
638 3032 690 3071 sua
699 3046 1301 3061 ······

340 3102 409 3169 (40.)
435 3099 626 3156 Conversatio
644 3099 763 3152 Thomas
781 3097 813 3151 in
832 3097 1007 3152 monasterio
1027 3097 1254 3154 Panteniacensi
1292 3132 1303 3143 -

340 3185 410 3252 (41.)
435 3182 619 3238 Perturbatio
638 3182 757 3236 Thomas
775 3197 793 3234 a
811 3180 987 3236 monasterio
1006 3179 1230 3237 Punteniacansi
1291 3216 1301 3226 -

340 3269 405 3336 (42.)
430 3268 516 3324 Visio
534 3268 653 3322 Thorace
671 3265 708 3320 de
726 3265 867 3336 martyrio
885 3281 937 3319 auo
1055 3296 1064 3306 -
1172 3297 1184 3307 -
1292 3301 1301 3312 .

339 3353 405 3418 (43.)
431 3351 614 3407 Abalienatio
626 3350 707 3420 regis
720 3355 751 3405 et
767 3349 954 3420 imperatoris
966 3348 1148 3404 Alamanniae
1166 3351 1202 3404 ab
1215 3351 1300 3407 Alex·

445 3435 535 3490 andro
579 3463 1300 3478 .......

338 3519 405 3587 (44.)
430 3518 561 3588 Qualiter
587 3535 637 3572 rex
663 3534 697 3572 ex
728 3517 794 3571 odio
819 3515 1032 3586 archipraesnlis
1059 3517 1210 3574 schismati
1234 3536 1299 3576 con·

444 3604 568 3657 senserit
582 3631 1299 3646 .......
1381 3648 1387 3661 ι

339 3691 406 3758 (45.)
433 3687 525 3744 Novae
543 3685 767 3741 constitutiones
785 3684 864 3754 regis
933 3715 944 3724 -
1050 3715 1061 3725 -
1169 3718 1178 3728 .
1287 3720 1298 3730 .
1353 3690 1388 3746 53

338 3776 407 3842 (43.)
432 3773 559 3844 Abjurat
587 3771 711 3841 populus
741 3768 992 3840 archiepiscopum
1022 3787 1106 3825 sumn
1137 3777 1167 3825 et
1196 3790 1300 3844 papam

441 3855 642 3912 Alexandrum
697 3883 1298 3901 ------
1352 3862 1387 3916 55

337 3942 406 4010 (47.)
430 3939 598 4011 Appellatio
617 3938 820 4010 episcoporum
838 3941 868 3991 et
886 3937 1022 3992 abbatum
1041 3942 1142 3992 contra
1156 3939 1297 3997 Thomam
1352 3945 1387 3999 56

337 4027 406 4091 (48.)
430 4022 603 4079 Exoniensis
621 4022 715 4076 noluit
732 4021 770 4076 ed
788 4022 911 4076 formam
930 4022 1054 4075 aliorum
1072 4023 1218 4093 appellare
1287 4058 1298 4069 -
1348 4030 1384 4083 ib,

336 4109 405 4174 (49.)
429 4107 538 4161 Petunt
555 4105 689 4159 monachi
708 4103 839 4159 inducias
858 4103 1082 4161 (lantuarienses
1167 4138 1178 4149 -
1285 4143 1295 4152 -
1350 4114 1385 4169 57

337 4193 406 4260 (50.)
432 4189 590 4244 Excusatio
608 4188 736 4267 episcopi
755 4187 898 4243 Roffensis
917 4194 946 4244 et
964 4187 1177 4245 Wintoniensis
1284 4227 1295 4237 -
1345 4198 1383 4252 ib,

336 4277 405 4343 (51.)
433 4272 691 4342 [Archiepiscopus
709 4288 811 4342 regem
830 4289 1012 4328 commonere
1030 4291 1088 4329 non
1106 4276 1214 4345 cessat]
1287 4309 1298 4319 -
1348 4283 1383 4336 ib.

337 4361 404 4428 (52.)
430 4357 573 4412 Hortatur
601 4354 735 4410 dominus
764 4373 840 4428 papa
869 4373 970 4426 regem
1001 4375 1038 4411 ne
1067 4359 1295 4416 ecclesiasticam

440 4442 607 4496 libertatem
625 4440 770 4511 opprimat
812 4470 1295 4488 -----
1346 4449 1383 4502 ib.

336 4528 404 4593 (53.)
431 4526 550 4597 Litterae
569 4523 782 4579 Londoniensis
801 4523 929 4593 episcopi
947 4523 984 4577 ad
1002 4524 1151 4580 dominum
1170 4546 1294 4598 papam·
1348 4534 1384 4587 58

335 4611 404 4680 (54.)
426 4607 544 4662 Litterae
562 4606 723 4664 Alexandri
748 4623 830 4677 papie
855 4605 891 4659 de
915 4604 1058 4676 dignitate
1077 4607 1293 4668 Cantuariensis

440 4689 570 4744 ecclesiia
