3316 6240
385 795 453 857 420
719 808 899 858 ursaceus
922 809 948 856 s.
973 807 1110 868 raons,
1295 791 1374 875 [ars.
1390 806 1437 854 vr.

219 997 367 1075 tbemans
434 991 557 1071 “Quod
589 993 624 1055 in
662 993 812 1077 partibus
850 993 970 1056 nostris
1008 991 1098 1056 beati
1136 991 1272 1056 Thomae
1310 990 1438 1054 meritis

220 1063 355 1181 {ssfflt‘
387 1101 404 1126 ‘¹
426 1114 532 1177 nuper
554 1094 730 1178 contigisse
746 1093 958 1178 dignoscitur,
992 1092 1147 1177 quoniam
1171 1092 1266 1155 vobis
1293 1091 1437 1155 maxime

390 1194 626 1279 “placiturum
650 1195 870 1280 cognovimus,
894 1194 1014 1279 scripto
1038 1199 1150 1258 nostro
1165 1193 1259 1258 vobis
1282 1192 1438 1256 duximus

390 1282 659 1360 “intimandum
707 1297 800 1360 Inter
829 1295 936 1359 multa
958 1294 1189 1359 miraculorum
1212 1315 1333 1379 genera
1363 1314 1437 1377 quae

389 1404 406 1429 “
428 1396 483 1460 vel
504 1397 548 1460 ab
570 1397 717 1480 antiquis
740 1396 889 1480 patribus
913 1396 1007 1459 nobis
1030 1395 1154 1460 tradita
1180 1400 1268 1470 sunt,
1291 1393 1346 1458 vel
1368 1415 1437 1457 mo-

389 1505 405 1529 “
430 1496 541 1561 dernis
572 1497 776 1581 temporibus
798 1503 873 1561 acta
903 1501 1084 1560 noscuntur
1115 1495 1158 1560 ad
1192 1494 1346 1559 humanae
1380 1494 1437 1557 de·

389 1604 406 1629 “
428 1596 572 1660 votionis
617 1602 839 1682 augmentum,
871 1617 995 1660 novum
1026 1617 1129 1681 genus
1172 1617 1258 1659 novo
1296 1593 1437 1678 martyri

390 1702 539 1760 “nostro
562 1697 658 1762 beato
682 1696 816 1761 Thomae
831 1697 957 1761 Divina
979 1696 1206 1762 munificentia
1229 1696 1438 1773 conceditur;

428 1797 516 1881 quod
543 1798 585 1862 ab
608 1820 646 1862 eo
669 1798 795 1861 dudum
818 1797 1022 1862 Bedesordiae
1045 1797 1169 1862 factum
1193 1797 1383 1861 audivimus
1402 1801 1437 1859 et

306 1973 316 1984 ι
426 1900 634 1984 postmodum
650 1900 686 1963 in
709 1900 845 1964 civitate
868 1905 989 1973 nostra,
1006 1900 1171 1964 Dunelmo
1193 1899 1325 1975 scilicet,
1341 1899 1436 1962 novi-

389 2009 405 2034 “
428 2022 501 2065 mus
523 2001 688 2065 iteratum.
736 2002 780 2065 Et
802 2001 880 2065 licet
902 2008 1105 2065 mortuorum
1129 2001 1333 2066 resuscitatio
1348 2001 1437 2064 inter

388 2110 405 2135 “
427 2123 549 2187 magna
579 2102 737 2167 miracula
770 2103 953 2167 maximum
987 2103 1157 2178 habeatur,
1191 2102 1291 2187 hujus
1323 2108 1435 2167 tamen

389 2211 406 2236 “
428 2203 580 2268 inaudita
601 2204 733 2268 novitas
756 2204 865 2269 effecit
896 2209 934 2267 ut
957 2224 978 2268 a
1000 2204 1115 2268 multis
1137 2225 1204 2268 non
1234 2204 1343 2267 minus
1366 2225 1435 2267 esse

389 2314 405 2339 “
429 2306 585 2370 credatur.
634 2306 764 2382 Verum,
799 2305 827 2370 si
862 2305 927 2370 dici
958 2305 1007 2370 fas
1041 2311 1098 2382 est,
1130 2305 1295 2390 aliquibus
1329 2304 1435 2370 videri

389 2415 406 2439 ‘¹
427 2414 538 2492 posset
560 2407 695 2485 facilius
712 2414 746 2471 et
768 2407 810 2471 ad
833 2407 1012 2471 humanam
1034 2408 1195 2472 rationem
1219 2408 1323 2493 magis
1346 2428 1435 2472 aoce-

388 2515 404 2541 “
427 2508 511 2584 dere,
527 2509 652 2593 corpori
675 2509 815 2572 formato
839 2514 873 2572 et
888 2509 1016 2594 integro
1038 2509 1183 2573 animam
1204 2530 1297 2573 suam
1313 2508 1433 2573 iterum

387 2608 599 2674 “infundere
638 2631 737 2694 quam
776 2610 994 2674 membrorum
1032 2610 1285 2675 diminutionem
1329 2610 1434 2694 passis
1504 2656 1508 2661 -

387 2720 404 2744 “
426 2732 514 2775 nova
536 2711 683 2776 membra
706 2712 889 2797 subrogare.
936 2712 1032 2775 Hanc
1059 2712 1191 2796 quidem
1214 2711 1433 2776 membrorum

387 2819 403 2844 “
426 2812 700 2876 restaurationem
722 2813 758 2875 in
781 2812 945 2877 Dunelmo
969 2812 1099 2877 cuidam
1123 2813 1245 2878 factam
1269 2834 1337 2877 esse
1361 2834 1435 2898 cog-

387 2920 403 2945 “
425 2913 579 2977 novimus
594 2918 629 2978 et
651 2919 820 2989 testamur,
837 2919 871 2978 et
893 2914 1015 2999 scripto
1037 2920 1149 2978 nostro
1165 2915 1208 2979 ad
1230 2919 1434 3000 posterorum

386 3015 580 3079 “notitiam
604 3015 828 3079 transmittere
851 3016 1047 3080 curavimus.

430 3115 554 3180 “Anno
593 3138 735 3200 namque
767 3115 949 3180 Dominicae
987 3116 1223 3181 incarnationis
1261 3116 1434 3180 millesimo

385 3218 602 3281 “centesimo
633 3217 873 3303 septuagesimo
907 3224 1034 3301 quarte,
1065 3217 1324 3301 decimo-quinto
1366 3217 1432 3281 kal.

384 3325 401 3350 “
425 3317 585 3394 Octobris,
602 3319 743 3404 contigit
765 3318 1088 3404 quendamnomine
1118 3318 1304 3404 Rogerium,
1328 3318 1433 3382 homi-

384 3425 400 3451 “
423 3439 498 3482 nem
522 3419 811 3505 simplicissimum,
834 3419 871 3483 in
891 3420 967 3504 jure
990 3420 1185 3496 confessum,
1208 3420 1375 3485 oculorum
1399 3426 1433 3484 et

383 3518 617 3604 “genitalium
648 3520 892 3584 mutilationem
926 3520 962 3583 in
993 3521 1074 3584 furti
1097 3521 1276 3605 perpetrati
1299 3541 1431 3605 poenam

382 3626 398 3651 “
420 3619 600 3704 recepisse3
622 3641 696 3703 quae
712 3621 827 3685 multis
850 3620 1069 3706 praesentibus
1091 3620 1332 3684 stridentibus
1355 3620 1430 3697 solo,
1544 3670 1546 3674 -

383 3729 399 3753 “
421 3719 508 3785 sicut
539 3743 609 3786 mos
647 3727 704 3798 est,
744 3723 891 3787 noscitur
924 3722 1025 3786 fuisse
1049 3723 1226 3807 supposita.
1282 3722 1431 3807 Cumque

383 3829 398 3855 “
422 3822 510 3886 idem
533 3822 694 3908 Rogerius
717 3846 775 3909 per
798 3824 926 3909 aliquot
952 3824 1153 3908 septimanas
1183 3824 1275 3908 prius
1299 3822 1334 3886 in
1357 3824 1431 3887 hos-

382 3930 398 3955 “
421 3922 518 4007 pitali
555 3929 677 4001 nostro,
715 3930 830 4010 postea
866 3908 912 3988 in¹
946 3925 1043 3988 domo
1081 3924 1253 4009 eujusdam
1287 3925 1431 3989 ministri

381 4034 397 4058 ‘¹
420 4026 533 4101 nostri,
568 4024 690 4090 lectum
724 4026 893 4101 tenuisset,
926 4032 961 4090 et
983 4026 1151 4091 oculorum
1174 4026 1246 4090 loca
1263 4026 1334 4110 jam
1362 4025 1430 4090 sere

380 4133 397 4159 “
419 4125 582 4191 desiccata
603 4132 638 4190 et
652 4127 729 4191 cilia
743 4127 853 4192 clausa
874 4127 1021 4205 fuissent,
1045 4134 1179 4212 cogente
1195 4127 1307 4191 inedia
1329 4127 1431 4212 erepit

379 4235 396 4260 “
418 4248 476 4311 per
499 4227 669 4292 civitatem
692 4235 847 4306 nostram,
872 4229 988 4295 baculo
1011 4230 1102 4293 viam
1125 4234 1355 4314 praetentante,
1379 4251 1429 4292 os-

379 4337 394 4361 “
418 4328 528 4393 tiatim
563 4328 807 4395 mendicando¹
835 4331 1052 4395 deambulare.
1100 4331 1196 4410 Quod
1219 4330 1345 4395 Divina
1367 4331 1432 4394 dis-

378 4430 580 4515 “positione
623 4432 746 4497 factum
781 4432 943 4497 eredimus
970 4438 1009 4496 ut
1042 4432 1085 4496 ab
1116 4432 1191 4509 illis,
1230 4432 1317 4498 sicut
1349 4438 1427 4511 erat,

779 4680 786 4712 ¹
803 4681 952 4743 medicando,
965 4682 1021 4735 MS.
