3316 6240
385 728 450 790 350
718 743 898 791 urracam
920 744 945 790 s.
969 744 1106 803 rueram,
1292 729 1370 811 [1111.
1388 746 1434 793 rr.

383 947 467 1003 sura,
483 947 639 1011 magnum
662 926 811 990 animum
834 927 1058 992 sollicitiorem
1081 926 1246 992 reddebat
1287 927 1329 991 In
1344 934 1435 994 arcto

383 1027 488 1113 igitur
509 1028 708 1093 constitutus
731 1034 912 1112 martyrem
927 1029 1080 1113 precibus
1103 1027 1354 1112 interpellabat3
1377 1030 1435 1115 qui

383 1128 521 1195 flemene
552 1130 703 1215 protinus
740 1151 894 1215 represso,
927 1135 961 1194 et
999 1130 1109 1194 dolore
1146 1130 1279 1213 ponitus
1313 1131 1434 1208 sedate,

383 1237 538 1297 moestum
560 1232 724 1317 hospitem
746 1231 953 1310 exhilaravit,
984 1238 1024 1297 ut
1045 1232 1159 1296 vultus
1182 1231 1302 1298 hilares
1325 1231 1434 1319 hospi·

383 1330 474 1396 tibus
496 1331 673 1397 exhiberet.

407 1567 487 1654 (40.)
511 1567 559 1634 De
580 1568 742 1635 aocerriote
760 1566 962 1655 paralytice,
981 1575 1058 1655 post
1082 1568 1183 1635 tertio
1205 1566 1261 1634 die
1283 1574 1411 1635 coacto.

216 1733 371 1785 Evileffects
429 1722 528 1788 Multi
551 1724 656 1789 multo
678 1724 752 1790 cibo
776 1725 913 1790 distenti
937 1747 995 1811 per
1028 1747 1181 1790 somnum
1205 1725 1377 1810 praesocari
1400 1746 1434 1789 ss

215 1800 356 1918 ffiffiss,
384 1826 540 1901 sentiunt,
556 1830 596 1889 ut
617 1825 762 1911 aliquem
794 1826 856 1890 sibi
880 1847 979 1911 supra
1012 1826 1145 1890 irruisse
1167 1832 1295 1911 putent,
1320 1826 1435 1911 quise

216 1933 301 1985 drink.
383 1927 571 1992 exanimare
594 1928 779 1991 contendat.
825 1926 1035 2011 Aliquotiens
1058 1927 1105 1993 sic
1141 1949 1303 1993 sermones
1326 1948 1434 2012 prose·

383 2030 531 2114 qhuntur
546 2029 640 2113 quasi
655 2049 730 2093 cum
745 2028 924 2114 aliquantis
940 2028 1131 2094 hominihus
1153 2029 1351 2106 fabulentur,
1374 2046 1436 2094 aut

383 2130 527 2195 clamant
549 2136 709 2214 tanquam
730 2151 834 2215 pavor
856 2130 903 2195 eis
925 2130 1117 2196 incutiatur.
1165 2131 1338 2195 Interdum
1367 2152 1434 2195 vox

383 2251 496 2295 eorum
511 2230 696 2307 suffocatur,
713 2236 752 2294 ut
767 2231 907 2296 clamare
921 2232 1138 2317 nonpossint.
1177 2232 1308 2297 Accidit
1322 2236 1434 2296 autem

383 2332 571 2418 frequenter
600 2333 671 2398 haec
694 2332 810 2417 passis,
834 2354 876 2397 ex
898 2331 1001 2398 nimio
1031 2333 1105 2398 cibo
1128 2333 1182 2397 vel
1204 2339 1293 2418 potu,
1317 2333 1353 2396 id
1376 2336 1434 2409 est,

384 2455 426 2498 111
457 2434 671 2520 plenitudine,
705 2434 857 2519 quamvis
889 2434 1056 2500 interdum
1088 2456 1129 2500 ex
1163 2456 1274 2520 parvo,
1309 2434 1435 2501 scilicet

385 2535 478 2618 [ex]¹
494 2536 684 2601 inanitione.
725 2536 769 2599 Et
791 2541 925 2601 curatur
939 2536 992 2600 vel
1014 2536 1238 2602 subtractione
1253 2535 1436 2601 nimietatis

384 2635 438 2699 vel
475 2642 653 2723 augmento
691 2637 860 2702 moderato
898 2637 1083 2722 parvitatis.
1147 2636 1184 2701 Si
1221 2637 1310 2702 enim
1346 2637 1435 2701 unde

384 2736 558 2822 patiuntur
589 2736 667 2802 inde
700 2737 869 2803 moderate
900 2737 1075 2823 accipiunt,
1110 2737 1196 2801 1111111
1232 2758 1254 2802 a
1285 2737 1436 2822 passione

384 2839 559 2905 laeduntur.
614 2838 711 2903 Nihil
749 2840 836 2904 enim
875 2839 922 2904 sic
967 2838 1169 2905 eontrarium
1215 2844 1264 2903 est
1308 2839 1435 2905 homini

385 2940 575 3005 Olnistiano
597 2940 760 3026 quomodo
782 2940 923 3025 crapula
948 2940 1034 3006 sicut
1056 2940 1105 3005 ait
1131 2939 1294 3005 Dominus
1316 2944 1435 3017 noster,

386 3051 403 3077 “
419 3042 545 3108 ¹Videte
583 3065 625 3109 ne
667 3048 850 3129 graventur
895 3044 993 3108 corda
1040 3048 1151 3108 vestra
1192 3043 1228 3106 in
1275 3041 1436 3128 crapula”

385 3143 534 3209 Dicimus
572 3144 681 3229 quod,
707 3143 810 3209 oculis
849 3143 971 3209 nostris
1017 3143 1254 3229 conspeximus,
1293 3142 1435 3207 multum
1568 3158 1571 3163 ·

386 3245 499 3310 edaces
513 3244 659 3331 paralysi
674 3265 849 3331 percussos,
872 3243 984 3309 ventri
1008 3244 1136 3309 deditos
1152 3250 1248 3310 nocte
1263 3244 1318 3309 vcl
1332 3245 1437 3309 inter·

387 3346 446 3411 diu
472 3347 672 3432 praefocatos,
698 3352 732 3412 11
758 3347 842 3413 eitra
864 3367 974 3411 rerum
1001 3368 1134 3412 suarum
1159 3347 1274 3432 suique
1299 3336 1436 3433 disposi-

387 3447 512 3513 tionem
546 3447 717 3513 demedio
750 3448 904 3512 sublatos.
951 3447 1067 3514 Nescit
1092 3448 1254 3513 abstemia
1276 3452 1310 3512 et
1332 3447 1437 3513 amica

386 3555 515 3615 naturae
536 3550 694 3615 sobrietas
716 3548 888 3615 edacitatis
910 3548 1132 3628 incommoda3
1155 3570 1229 3633 quas
1246 3549 1437 3614 1111111111-

387 3651 467 3715 ‹lum
485 3650 615 3737 judicat
637 3650 832 3716 alimentum
848 3656 1007 3734 tanquam
1034 3650 1316 3715 medicamentum
1363 3648 1437 3715 Hoc

386 3752 490 3838 igitur
518 3758 648 3818 versato
688 3753 724 3815 in
755 3752 873 3827 animo,
909 3752 1148 3836 dispensatores
1180 3748 1438 3837 mysteriorum²

385 3854 456 3919 Dei.
495 3854 596 3919 Bibat
618 3860 652 3919 et
673 3854 849 3919 manducet
864 3853 990 3918 modice
1013 3853 1075 3939 qui,
1093 3858 1231 3919 vocatur
1245 3853 1289 3917 ad
1311 3853 1436 3918 modes·

384 3954 467 4021 tiam
499 3955 680 4021 Dominicis
711 3976 822 4030 coenae,
857 3975 907 4031 ne,
941 3954 1020 4017 dum
1058 3953 1264 4039 parsimoniae
1301 3953 1436 4017 modum

386 4058 524 4134 excedit,
556 4062 715 4141 tanquam
750 4056 870 4121 nebulo
902 4054 1045 4119 ludibrio
1082 4054 1251 4131 habeatur,
1283 4059 1319 4119 et
1348 4054 1437 4119 unde
1479 4057 1483 4064 “

411 4159 419 4173 ”
750 4157 786 4220 in
809 4179 827 4220 e
853 4156 920 4220 'udi
940 4156 1009 4219 ium
1032 4177 1065 4218 m
1086 4156 1147 4220 rtis
1170 4155 1206 4219 in
1224 4159 1324 4219 urrat.

217 4158 807 4367 (111ρῖ1191ῡῖνιῗιὲςίἰχεὶἵᾚίορίἓ
845 4177 1086 4335 liinclrlniensil)
1124 4176 1224 4322 villac
1244 4256 1437 4333 Binnebroc,

217 4320 365 4462 cilledllk⁰
386 4362 558 4449 presbyter
581 4359 780 4439 Gaulridus;
802 4358 868 4444 qui,
888 4360 975 4445 pisce
997 4360 1114 4425 nocivo
1132 4359 1269 4436 cibatus,
1295 4364 1330 4422 et
1351 4378 1439 4423 nova

217 4450 343 4515 ΜΨ
386 4464 526 4531 cervisia
547 4467 691 4549 potatus,
714 4461 799 4528 lecto
821 4466 856 4525 et
879 4460 986 4546 sopori
1009 4460 1157 4525 membra
1188 4480 1249 4525 sua
1271 4458 1349 4523 dare
1371 4478 1439 4523 non

421 4696 429 4727 ¹
447 4669 587 4745 interlined
598 4693 625 4743 in
635 4694 694 4745 Ms.
907 4691 915 4759 Ι
960 4690 971 4724 ²
986 4691 1182 4749 ministeriorum,
1195 4690 1252 4742 MS.
