3316 6240
356 780 421 841 410
691 773 871 841 urbicum
895 796 919 840 s.
943 793 1080 852 ruousr,
1262 779 1340 861 [ma
1358 795 1404 843 v1.
1471 855 1474 861 ¹

561 1032 618 1116 (3.)
642 1033 690 1097 De
712 1033 828 1097 clerieo
851 1032 1043 1097 Leocliecesi
1060 1030 1202 1118 faetore.

188 1195 314 1261 Βεμὶηαιᾱ
400 1194 416 1221 “
432 1185 574 1252 Domino
597 1193 630 1252 et
652 1188 740 1273 patri
763 1188 940 1253 reverendo
967 1189 1068 1274 priori
1090 1189 1205 1274 primae
1227 1188 1314 1254 sedis
1336 1190 1405 1254 An-

186 1263 287 1392 ffimsssss
355 1296 373 1324 “
394 1289 530 1374 glorum,
555 1289 685 1354 Sanctae
700 1289 874 1354 Trinitatis
890 1290 1088 1366 Cantuariae,
1106 1291 1208 1355 frater
1223 1292 1406 1357 Rainaldus

186 1364 307 1472 fofmerl'y
356 1400 373 1427 “
395 1392 436 1457 de
459 1392 613 1478 Stamms,
636 1392 802 1478 quondam
833 1393 1097 1457 Bermundeseiae
1127 1394 1284 1479 indignus
1308 1394 1404 1479 prior,

186 1461 327 1577 ffiggd
357 1502 373 1529 “
396 1494 553 1580 quioquid
575 1495 611 1557 iu
634 1494 766 1560 Christo
789 1494 903 1559 amicis
927 1494 1025 1579 digne
1048 1500 1192 1579 optatur.

187 1593 332 1708 septofthe
401 1603 418 1630 “
433 1596 597 1660 Gerardus
624 1596 766 1672 clericus
799 1596 884 1661 lator
911 1597 1133 1681 praesentium,
1157 1596 1332 1674 novercali,
1366 1604 1406 1661 ut

187 1673 294 1776 hm.
356 1706 373 1732 “
394 1698 450 1774 ait,
474 1697 674 1762 confectione
697 1698 832 1774 cibatus,
857 1698 905 1761 ita
928 1719 1024 1761 sensu
1048 1703 1229 1762 excesserat
1251 1703 1405 1783 utquam

186 1792 306 1908 lt’lffl*
356 1808 373 1834 “
395 1799 625 1864 miserabiliter
646 1799 778 1864 cerebri·
796 1799 984 1864 turbatione
1015 1800 1198 1885 agitaretur
1220 1801 1280 1863 vix
1302 1801 1407 1884 possit

189 1894 373 1996 ma&
396 1900 573 1987 explanari.
632 1900 697 1980 Qui
720 1901 868 1986 proxime
891 1907 1056 1965 transacto
1087 1902 1235 1965 adventu
1261 1901 1405 1978 Domini,

188 2001 302 2119 {praef
334 1990 372 2038 “‘
394 2010 435 2068 ut
456 2025 533 2068 casu
564 2008 598 2067 et
630 2003 758 2087 impetu
789 2002 961 2078 ferebatur,
985 2003 1028 2067 ad
1060 2024 1118 2066 nos
1149 2003 1324 2080 divertens,
1349 2005 1404 2088 qui

187 2083 283 2198 hadri}
356 2114 373 2139 “
396 2126 494 2189 penes
516 2103 700 2168 Pruvinum
727 2110 871 2169 castrum
903 2104 984 2168 Masi
1016 2104 1213 2181 habitamus,
1238 2106 1295 2189 qui
1325 2127 1405 2191 pau-

356 2215 373 2240 “
395 2205 581 2290 pertaculus
604 2205 694 2270 loeus
717 2206 758 2269 de
788 2206 925 2270 caritate
957 2211 1014 2282 est,
1035 2206 1156 2269 terruit
1177 2228 1237 2270 nos
1259 2208 1406 2292 gestibus

189 2333 292 2398 madby
356 2318 372 2343 “
395 2308 471 2384 suis,
494 2307 707 2392 altisonisque
738 2312 773 2370 et
800 2305 971 2370 horrendis
1002 2308 1153 2371 cantibus
1184 2308 1405 2392 perturbabat.

145 2454 150 2461 -
189 2396 320 2462 P⁰³³⁰¹¹⁹³⁸
356 2419 373 2445 “
396 2409 510 2476 Crebri
532 2410 617 2472 risus
640 2408 705 2472 oris
736 2412 770 2471 et
801 2408 968 2472 oculorum
1000 2413 1118 2486 motus,
1141 2409 1348 2474 brachiorum
1372 2416 1406 2474 et

356 2513 574 2598 “digitorum
604 2510 809 2596 agitationes,
833 2509 1024 2574 videntibus
1054 2515 1089 2574 ct
1119 2511 1245 2595 stupori
1269 2518 1303 2574 ct
1325 2534 1405 2576 moe-

141 2616 145 2623 '
188 2660 280 2713 Mb
356 2615 460 2679 “rori
484 2617 585 2678 erant.
643 2612 759 2676 Inedia
788 2617 954 2676 maceret
983 2611 1099 2675 debilis
1122 2613 1182 2674 vix
1204 2613 1331 2697 aliquid
1353 2635 1406 2676 su-

187 2743 244 2805 mes
255 2678 307 2777 at(P
357 2725 373 2752 “
395 2715 507 2780 mebat
529 2714 602 2790 eibi,
619 2712 719 2797 idque
742 2719 814 2777 erat
829 2712 883 2776 vel
905 2734 1039 2797 pomum
1055 2711 1109 2776 vel
1124 2734 1235 2778 caseus
1250 2714 1304 2777 vcl
1323 2715 1407 2779 cocti

188 2794 324 2910 diffido)-
357 2815 570 2903 “leguminis
592 2836 717 2899 parum,
741 2814 872 2898 quando
895 2819 970 2898 post
1000 2813 1129 2899 longius
1159 2820 1288 2900 tempus
1311 2816 1407 2881 famis

189 2925 252 2979 vina
357 2928 373 2955 “
395 2918 550 2983 nimietas
571 2915 801 2980 invalescebat.
849 2915 927 2980 Non
957 2920 1083 2992 aestmn,
1107 2937 1173 2981 non
1199 2917 1274 3001 gelu
1297 2918 1406 2981 nudus

356 3028 381 3056 ‘⁴'
396 3021 567 3095 sentiebat,
590 3023 729 3102 totaque
760 3018 811 3080 sui
845 3016 1040 3081 habitudine
1063 3039 1156 3082 suam
1187 3019 1268 3083 adeo
1300 3019 1405 3084 decla-

356 3124 491 3189 “rabat
533 3120 698 3184 miseriam
736 3124 775 3181 ut
812 3117 1001 3203 hujusmodi
1035 3118 1240 3184 incommodo
1273 3121 1407 3205 gravius

358 3223 556 3289 “afflictum
578 3242 646 3285 non
668 3219 874 3283 meminerim
898 3240 949 3282 me
973 3218 1077 3282 ullum
1100 3221 1229 3286 vidisse.

402 3324 498 3404 “Qui
521 3345 542 3388 a
571 3322 665 3386 nobis
696 3321 900 3397 exturbatus,
924 3342 983 3405 pro
1006 3343 1044 3385 co
1071 3323 1159 3406 quod
1191 3323 1407 3389 intolerabilis

359 3436 375 3462 “
398 3432 477 3500 erat,
511 3425 598 3489 circa
628 3423 719 3487 beati
741 3421 836 3486 Pauli
870 3421 1124 3487 Conversionem
1156 3445 1267 3489 rursus
1290 3448 1324 3490 se
1357 3426 1405 3489 in-

358 3527 478 3590 “vitis
515 3525 654 3612 ingessit
690 3523 792 3599 nobis,
831 3524 960 3588 nescius
993 3528 1105 3588 tamen
1138 3527 1227 3610 quod
1260 3548 1406 3612 unquam

358 3629 489 3714 “prius
510 3628 553 3691 ad
582 3648 642 3691 nos
665 3625 861 3689 ‹livertisset
909 3624 1014 3704 Quem
1049 3647 1123 3690 cum
1155 3627 1239 3692 forte
1271 3630 1408 3693 interro-

357 3741 374 3766 “
396 3751 523 3818 gessem
544 3729 572 3792 si
587 3727 689 3792 vellet
703 3727 814 3791 bibere
838 3727 877 3790 de
900 3749 987 3812 aqua
1009 3728 1115 3792 sancti
1131 3728 1273 3806 Thomae,
1290 3753 1323 3795 se
1346 3731 1407 3796 hoe

357 3832 481 3897 “velle
512 3829 687 3916 respondit.
744 3827 818 3907 Qua
847 3828 967 3893 hausta
997 3830 1040 3893 ad
1073 3830 1254 3914 hospitium
1289 3832 1407 3897 ductus

356 3945 373 3972 “
396 3940 453 4000 est.
513 3932 672 4018 Sequenti
705 3950 801 3994 mane
834 3930 878 3994 ad
911 3952 963 3994 me
997 3952 1168 4016 regressus,
1205 3932 1274 3997 ‘Da
1307 3934 1407 4010 mihi,'

356 4044 373 4071 “
396 4036 513 4120 iuquit,
539 4033 664 4098 ‘adhue
682 4032 723 4096 de
745 4037 859 4096 saneta
877 4037 911 4095 et
933 4032 1105 4098 benedicta
1127 4054 1221 4118 aqua,
1246 4036 1324 4118 quia
1345 4035 1407 4100 hae

357 4148 373 4174 “
397 4147 405 4173 ‘
427 4139 463 4202 in
485 4143 581 4203 nocte
604 4135 706 4199 habui
728 4133 853 4209 melius,
878 4139 912 4198 et
934 4139 1054 4218 praeter
1076 4135 1209 4200 solitum
1233 4158 1407 4223 parumper

357 4250 374 4277 “
397 4239 580 4318 ‘dormivi3
607 4238 664 4303 sed
686 4237 790 4322 frigus
819 4235 939 4322 pedum
963 4258 1016 4301 me
1047 4237 1136 4301 ultra
1168 4239 1302 4302 modum
1334 4261 1407 4325 gra-

358 4352 375 4379 “
399 4342 542 4407 ‘vavit'’
600 4339 752 4404 Comedit
789 4338 889 4402 etiam
929 4339 1075 4423 sapidius
1112 4340 1216 4418 solito,
1257 4346 1292 4405 et
1328 4342 1409 4406 hora

358 4455 374 4481 “
396 4445 540 4509 serotina
562 4463 693 4507 sumens
720 4441 840 4503 iterum
863 4440 903 4504 de
926 4462 1012 4524 aqua
1034 4444 1197 4526 maltyris,
1220 4444 1256 4506 in
1278 4444 1409 4509 stabulo

360 4556 376 4582 “
398 4551 511 4611 nostro
534 4544 673 4609 molliori
705 4547 812 4608 stratu
835 4563 909 4606 eum
940 4542 1176 4609 sufficientibus
1199 4546 1410 4631 operimentis

358 4657 375 4683 “
397 4647 573 4714 collocatus
595 4650 652 4710 est.
