3316 6240
379 770 420 833 12
757 781 839 832 vrri
862 782 887 831 e.
910 781 1048 843 moun,

378 967 477 1054 plena
500 968 674 1034 refectione
697 975 732 1034 et
754 973 895 1053 quatuor
910 973 1139 1055 argenteorum
1163 968 1338 1055 largitione
1359 967 1426 1033 ein-

378 1069 473 1155 gulos
488 1067 700 1135 exhilarabat.
748 1071 837 1152 Quid
852 1071 939 1155 quod
953 1070 1028 1135 aliie
1043 1071 1237 1155 praeferebat
1254 1092 1336 1156 ques
1351 1090 1427 1136 oon-

379 1171 574 1236 versationis
605 1171 758 1236 honestae
790 1171 970 1237 efferebat?
1003 1171 1092 1251 Quid
1121 1172 1210 1256 qued
1242 1171 1279 1235 in
1316 1170 1426 1257 cogni·

379 1272 469 1337 tione
500 1293 670 1338 causarum
692 1293 759 1337 non
782 1273 878 1339 modo
908 1293 1026 1338 manus
1049 1273 1238 1338 excutiebat
1271 1272 1314 1338 ab
1336 1273 1427 1337 omni

378 1395 521 1450 munere,
537 1379 571 1439 ct
592 1395 613 1439 a
635 1374 731 1439 domo
754 1395 814 1439 sua
843 1374 953 1439 sordes
985 1374 1202 1458 corruptionis
1225 1374 1425 1451 eliminabat,

211 1482 276 1534 Gen.
285 1480 366 1533 xxvii.
378 1477 436 1542 sed
458 1497 553 1560 aequa
574 1474 667 1541 lance
689 1476 831 1540 rationes
846 1481 880 1540 et
901 1496 1055 1561 personae
1070 1476 1296 1561 ponderabat?
1320 1475 1427 1541 “Eece

210 1551 251 1600 ²⁷¹
380 1577 599 1663 “fragrantia
643 1578 914 1643 vestimentorum
951 1576 1063 1653 Jacob,
1109 1577 1196 1643 sicut
1232 1577 1312 1643 odor
1354 1577 1426 1664 agri

381 1687 397 1715 “
419 1678 508 1764 pleni
530 1680 584 1745 eui
607 1678 779 1746 benedixit
800 1678 989 1745 Dominue.”

515 1941 593 2026 (ll.)
618 1940 666 2006 De
688 1938 859 2007 discordie
881 1938 969 2025 repis
990 1946 1020 2005 ct
1042 1937 1292 2026 aroaupeapa

212 2096 359 2175 Regianing
423 2103 548 2168 Videas
571 2108 605 2169 et
627 2104 779 2168 invidens
801 2103 906 2167 hostie
934 2102 1092 2186 antiquus
1114 2122 1238 2166 novum
1261 2102 1426 2168 hominem

210 2163 367 2279 Ῐξῃῗξζῑιι,
380 2204 555 2289 multiplici
571 2205 734 2269 virtutum
756 2203 864 2289 gratia
878 2202 1047 2287 pullulare,
1063 2223 1105 2267 ne
1128 2202 1222 2266 flores
1237 2203 1428 2268 meritorum

212 2293 339 2361 ahakim.
379 2305 548 2391 prodirent
570 2306 606 2369 in
628 2304 753 2370 fructus
775 2304 991 2389 praemiorum,
1008 2303 1133 2368 zizania
1156 2304 1430 2388 superseminavit

379 2429 453 2492 quae
476 2407 619 2472 fructum
642 2406 764 2470 veteris
786 2404 940 2469 amicitiae
963 2404 1049 2490 regis
1072 2409 1106 2468 et
1132 2404 1297 2489 pontificis
1330 2406 1429 2470 suffe

214 2500 266 2562 (¹·)
283 2495 354 2547 The
379 2514 497 2572 carent.
544 2507 590 2571 Et
611 2507 688 2571 inde
711 2505 922 2570 seminarium
937 2505 1093 2589 sumpsit:
1116 2524 1194 2568 nam
1217 2525 1292 2569 cum
1307 2505 1429 2591 primas

211 2577 338 2694 fflibe
379 2628 475 2672 onere
490 2607 662 2691 pastoralis
684 2627 770 2671 curn
793 2610 1002 2690 premeretur,
1018 2605 1154 2669 mittens
1174 2626 1283 2691 regem
1298 2607 1429 2692 rogavit

211 2693 367 2810 ffi‘noeuw
379 2706 607 2773 cancellarium
631 2707 694 2770 eibi
717 2706 895 2791 providere,
911 2707 990 2790 quia
1014 2706 1082 2791 ipse
1105 2704 1193 2771 non1
1216 2707 1283 2781 uni,
1306 2707 1429 2771 nedum

214 2778 324 2904 (23⁹5,
382 2809 517 2886 duobue,
535 2808 648 2875 officiis
674 2815 783 2894 posset
805 2808 957 2873 sufficere.
1006 2807 1189 2873 Secundam
1206 2830 1283 2872 vero
1299 2829 1430 2875 eausam

213 2906 330 2957 ΜΗ
381 2912 439 2977 irae
463 2912 572 2991 dedit3
601 2933 679 2976 nam
709 2911 850 2996 publicae
872 2911 1046 2995 potestatis
1080 2910 1223 2973 ministri
1246 2932 1304 2995 per
1326 2913 1429 2997 regio

211 2974 340 3103 my
381 3036 457 3078 nem
473 3015 690 3100 Anglicanam
713 3014 754 3078 de
770 3013 1004 3078 consuetudine
1029 3012 1090 3075 sibi
1115 3012 1155 3076 de
1178 3012 1316 3098 singulis
1331 3013 1429 3097 hydis

211 3105 361 3221 ffi'ffi
384 3120 437 3204 (ut
459 3120 569 3183 verbis
592 3117 915 3203 comprovincialium
946 3116 1035 3200 utar)
1067 3117 1240 3201 pecuniam
1263 3117 1429 3204 eolligunt,

362 3209 543 3302 'tanquam
575 3219 697 3282 laboris
719 3216 992 3282 mercimonium²
1014 3240 1113 3302 quem
1127 3218 1278 3284 tuitioni
1312 3220 1429 3304 patriae

383 3318 585 3403 impendunt.
633 3318 740 3399 Quam
763 3340 865 3403 quum
896 3319 1068 3404 pecuniam
1090 3341 1149 3383 rex
1181 3326 1348 3405 tamquam
1380 3343 1429 3386 re-

384 3421 492 3485 ditum
522 3421 684 3485 niteretur
720 3422 756 3484 in
793 3421 908 3485 fiscum
946 3420 1098 3506 redigere,
1131 3421 1262 3484 obstitit
1298 3421 1429 3506 primae,

383 3522 493 3586 dicens
515 3543 582 3587 non
604 3527 752 3607 opertere
774 3544 833 3607 pro
863 3521 971 3586 reditu
995 3521 1176 3606 computari
1201 3522 1289 3606 quod
1315 3544 1373 3587 suo
1397 3530 1431 3587 et

324 3663 336 3675 -
382 3623 521 3688 aliorum
560 3624 693 3690 daretur
723 3624 867 3689 arbitrio.
907 3622 980 3688 ·Sed
1012 3630 1047 3688 et
1077 3624 1213 3688 tertium
1245 3624 1311 3688 fuit
1341 3625 1430 3709 quod

381 3725 464 3791 iram
494 3727 579 3812 regis
601 3726 757 3791 accendit.
803 3724 883 3788 Fuit
914 3723 1048 3809 quidam
1080 3724 1254 3789 eanonicus
1276 3724 1429 3789 Bedelor-

382 3827 491 3891 densis
513 3827 664 3903 ecelesiae,
681 3826 853 3911 Philippus
876 3825 1016 3900 nemine,
1039 3824 1160 3888 nobilis
1181 3845 1306 3910 genere.
1354 3825 1428 3905 Qui,

382 3949 457 3992 cum
480 3931 650 3991 accusatus
683 3925 723 3989 de
755 3925 931 3990 homicidio
965 3925 1089 4001 fuisset,
1113 3929 1313 4009 purgaverat
1335 3925 1429 3989 inne-

381 4029 523 4093 centiam
556 4032 715 4103 suamet
748 4047 785 4091 eo
819 4047 922 4111 usquc
959 4048 1090 4091 eausam
1124 4048 1218 4091 auem
1250 4027 1432 4092 deduxerat

383 4134 423 4192 ut
459 4127 598 4191 ulterius
629 4127 672 4191 ab
705 4122 902 4190 adversariis
932 4147 1000 4191 non
1034 4127 1281 4212 inquietaretur.
1357 4128 1430 4192 Rex

383 4253 469 4308 vero,
502 4230 611 4294 forsan
633 4228 703 4293 zelo
731 4228 873 4313 justitiae
904 4229 1034 4305 ductuS,
1056 4233 1090 4293 ct
1122 4250 1164 4294 nc
1197 4229 1324 4315 flagitia
1345 4251 1429 4315 prae-

383 4336 590 4397 sumerentur
612 4331 647 4393 in
670 4350 770 4415 regno
792 4349 859 4405 suo,
883 4351 940 4413 per
956 4329 1134 4414 Symonem
1157 4331 1321 4414 quendam
1340 4330 1430 4415 judi-

383 4521 731 4532 ———--·—---.-..-——
923 4520 1416 4528 ———-.—-----.-—--.

414 4633 421 4663 ¹
439 4634 490 4694 eis,
502 4631 536 4682 V.
549 4631 578 4681 L.
901 4632 906 4699 Ι
962 4631 972 4663 ²
988 4632 1125 4690 mercedem,
1137 4632 1170 4682 V.
1182 4633 1212 4681 L.
