3316 6240
374 752 439 820 370
705 768 884 817 erraneum
907 770 933 816 s
957 770 1094 829 raons,
1297 753 1375 836 [ers.
1393 770 1424 816 v.

377 960 394 985 “
416 952 604 1017 confundor.
667 953 820 1016 Miserere
847 953 1034 1029 damnandi,
1059 953 1116 1017 sed
1138 953 1327 1017 damnantis
1351 975 1425 1038 quse

377 1062 393 1086 “
415 1053 569 1119 commisi.
635 1053 797 1118 Promitte
821 1054 908 1138 quod
932 1055 1003 1119 vita
1034 1055 1152 1120 comite
1184 1055 1359 1140 complebo,
1383 1054 1425 1119 ad

377 1163 393 1188 “
415 1155 599 1240 sepulcrum
637 1161 733 1219 tuum
764 1156 1022 1240 praesentialiter,
1054 1157 1141 1241 quod
1173 1156 1426 1223 misericorditer

376 1266 393 1291 “
415 1258 593 1343 impendes,
617 1257 737 1342 quibus
760 1265 873 1343 potero
896 1257 1050 1322 laudibus
1073 1258 1211 1323 efl'erre.”

420 1360 621 1445 Hujusmodi
644 1360 804 1424 danmans
827 1381 861 1423 se
886 1360 1005 1444 (neque
1029 1360 1116 1424 enim
1143 1360 1330 1426 excusando
1351 1381 1424 1445 pec-

374 1465 486 1526 catum
508 1460 753 1526 damnationem
776 1461 948 1545 evasisset)
971 1461 1008 1524 in
1041 1481 1193 1525 somnum
1219 1461 1331 1547 lapsus
1365 1467 1423 1525 est.

376 1564 420 1628 Et
442 1585 514 1631 ecoe
537 1563 806 1649 circumfulgente
829 1562 973 1628 mirabili
1004 1562 1130 1649 fulgore
1164 1564 1423 1659 septacaroeris,

373 1666 490 1751 pennis
512 1664 700 1730 albentibus
722 1665 817 1731 videt
847 1665 1001 1730 advolare
1047 1665 1240 1743 columbam,
1278 1665 1425 1730 humana

374 1789 453 1834 voce
485 1767 682 1853 loquentem,
716 1774 733 1802 “
745 1767 858 1854 Surge,
881 1768 936 1831 exi
968 1768 1012 1833 ab
1034 1767 1158 1834 archa'’
1204 1768 1281 1854 Ipso
1312 1773 1423 1833 autem

374 1869 596 1955 interrogante
612 1869 686 1954 quis
701 1875 786 1934 esset
809 1869 902 1954 cujus
918 1869 1076 1935 beneficio
1100 1868 1238 1935 haberet
1260 1870 1358 1945 exire,
1374 1890 1423 1933 re-

373 1971 514 2057 spondit,
532 1971 682 2036 “Beatus
705 1971 855 2048 Thomas
872 1971 1122 2037 Cantuariensis
1145 1972 1292 2048 antistes,
1316 1971 1425 2055 ejiciet

374 2082 392 2108 ‘¹
414 2074 473 2139 te.'’
519 2073 694 2140 Excitatus
725 2073 762 2136 in
793 2073 854 2153 his,
882 2073 998 2158 positis
1029 2073 1168 2159 genibus
1200 2073 1324 2159 gratias
1347 2073 1422 2159 egit.

374 2176 455 2242 Erat
488 2182 599 2241 autem
631 2174 720 2241 locus
755 2174 909 2251 defossus,
934 2180 968 2239 et
994 2175 1106 2239 exitus
1143 2175 1263 2260 gravis,
1297 2174 1423 2239 nemini

373 2279 486 2345 vincto
498 2284 615 2364 patens
630 2276 695 2341 nisi
708 2275 1198 2363 suffragareturadminiculum.
1223 2276 1288 2341 Sed
1299 2275 1424 2342 ooelesti

372 2401 507 2445 munere
538 2377 694 2445 devoluto
732 2377 849 2463 lapido,
881 2376 968 2443 foras
992 2379 1109 2465 erupit.
1156 2375 1422 2463 Erumpuntem¹
1511 2450 1515 2455 ¹

372 2481 505 2547 famulis
535 2482 572 2545 in
603 2480 736 2546 obviarn
757 2481 977 2559 venientibus,
1002 2482 1038 2546 in
1072 2482 1204 2548 archam
1239 2482 1424 2546 reintrusus

257 2590 260 2595 '
372 2589 430 2662 est,
465 2583 571 2671 capite
595 2604 774 2669 percussus,
809 2584 963 2667 quamvis
994 2582 1134 2649 laudans
1167 2589 1328 2661 sanctum,
1368 2583 1420 2648 sui

306 2705 309 2711 ·
373 2685 483 2750 exitus
506 2690 680 2750 auctorem.
726 2684 1009 2750 Persuadentibus
1032 2685 1063 2750 ei
1086 2685 1215 2751 interea
1230 2685 1423 2752 custodibus

374 2809 442 2852 rem
463 2792 591 2873 gestam
612 2786 747 2871 aperire,
770 2787 892 2851 timens
915 2786 972 2851 ille
995 2809 1036 2852 ne
1069 2787 1214 2874 graviori
1246 2782 1423 2872 quaestioni

373 2888 595 2974 subjiceretur,
619 2887 810 2973 proditurus
844 2889 1020 2953 veritatem
1055 2889 1150 2953 stetit
1180 2894 1258 2955 ante
1285 2889 1422 2974 judiees.

373 2990 437 3057 Oui
453 2995 487 3056 et
509 2990 675 3066 dixenmt,
700 2988 870 3066 “Giralde,
894 3009 1050 3075 cognosce
1072 2989 1257 3067 veritatem,
1281 2996 1315 3055 et
1337 2990 1423 3055 veri·

373 3101 390 3128 “
412 3098 464 3159 tas
486 3091 641 3157 liberabit
663 3090 723 3156 to.''
771 3088 922 3155 Credidit
943 3090 1084 3175 simplex
1106 3091 1142 3154 in
1165 3091 1212 3156 rei
1235 3092 1422 3176 proditione

372 3218 466 3263 suam
503 3194 741 3260 liberationem.
798 3191 967 3258 Indicavit
997 3193 1111 3278 itaque
1146 3214 1213 3277 qua
1250 3215 1349 3260 causa
1388 3199 1423 3259 et

374 3320 440 3384 quo
473 3297 635 3361 instinctu
667 3295 796 3359 furtum
836 3293 1044 3360 commiserit.
1112 3293 1287 3372 Dixerunt,
1328 3304 1344 3330 “
1357 3294 1422 3359 Ore

372 3408 388 3434 “
410 3405 469 3464 tuo
492 3398 668 3464 adversum
690 3402 725 3461 te
748 3395 1001 3481 pronunciasti.''
1047 3393 1214 3471 Subdidit,
1239 3396 1347 3461 “Dixi
1369 3418 1421 3460 me

371 3509 388 3536 “
411 3501 577 3567 dicturum
600 3498 688 3583 quod
703 3497 828 3564 facturn
844 3503 894 3562 est
904 3521 912 3577 ;
934 3497 1057 3563 veritas
1071 3496 1189 3562 liberet
1212 3519 1272 3563 mo.
1319 3498 1421 3563 Beato

371 3601 550 3687 “martyri
573 3600 715 3679 Thomee,
732 3599 971 3684 confessorique
994 3606 1029 3664 et
1061 3600 1312 3686 archiepiscopo,
1335 3621 1420 3667 com-

371 3715 387 3740 “
409 3704 528 3770 mendo
551 3725 604 3768 me
616 3727 624 3782 ;
647 3700 759 3788 ipsos2
781 3724 893 3788 precor
914 3701 1052 3766 liberare
1074 3702 1154 3766 me.''

415 3807 523 3895 Igitur
557 3804 730 3891 oppidanis
760 3826 803 3869 ex
835 3825 913 3870 voce
952 3804 1111 3889 praeconis
1141 3804 1420 3889 prosequentibus,

369 3910 423 3975 fur
444 3911 488 3976 ad
519 3909 626 3974 i'urcas
658 3912 844 3994 protractus
878 3906 977 3992 petiit
1011 3906 1075 3971 sibi
1113 3927 1238 3972 sacrem
1276 3927 1421 3973 eommu-

370 4013 502 4079 nionem
534 4012 614 4077 dari.
662 4010 766 4074 “Non
800 4008 876 4086 est,''
909 4009 1019 4094 inquit
1050 4008 1246 4094 capellanus,
1274 4008 1422 4073 “danda

371 4114 538 4178 “furibus
569 4111 788 4190 eucharistia;
819 4110 876 4176 sed
911 4110 1083 4175 consilium
1115 4131 1226 4176 meum
1259 4110 1421 4194 estquod

370 4226 387 4252 “
409 4240 477 4303 prae
500 4217 626 4284 catoris
649 4215 802 4280 omnibus
825 4214 962 4300 expedit
984 4214 1047 4279 tibi
1070 4219 1110 4277 ut
1141 4214 1223 4299 ipsis
1242 4213 1419 4299 judicibus,

369 4322 467 4406 “qui
490 4324 692 4386 sacramento
714 4322 879 4395 tenentur,
903 4323 937 4382 et
959 4318 1002 4383 ab
1033 4317 1243 4383 exsecutione
1266 4317 1347 4402 logis
1370 4338 1420 4380 re·

370 4433 387 4458 ‘⁴
409 4423 498 4488 silire
521 4444 588 4489 non
610 4425 756 4508 possunt,
780 4419 952 4506 indulgeas
975 4419 1064 4504 quod
1087 4419 1143 4484 lex
1166 4424 1297 4485 exercet
1318 4418 1354 4481 in
1376 4423 1419 4495 te,

403 4658 410 4690 ¹
429 4656 579 4721 erumpens
588 4664 601 4706 t
897 4652 902 4719 Ι
948 4652 958 4686 ²
974 4653 1076 4717 ipsum?
