3316 6240
371 779 437 841 230
705 791 885 839 sinleum
907 792 931 839 s
956 791 1092 851 ruens,
1290 776 1368 859 [um.
1385 790 1421 840 11.

372 981 557 1062 “repetam
589 976 710 1043 devota
741 977 932 1061 sepulcrum.
990 978 1110 1053 Redde,
1143 984 1270 1061 martyr
1302 984 1421 1051 sancte,

373 1087 391 1113 “
413 1101 510 1163 quem
549 1079 675 1164 pridem
707 1078 905 1143 reddidisti.’'
967 1078 1168 1162 Hujusmodi
1201 1078 1337 1163 loquens
1371 1078 1407 1141 in

372 1180 478 1245 vicem
508 1180 545 1243 in
582 1186 671 1245 terra
700 1201 808 1264 genua
838 1202 898 1245 sua
928 1180 1098 1265 defigebat.
1145 1180 1216 1242 Viri
1247 1184 1358 1243 autem
1389 1184 1424 1243 et

372 1280 524 1344 mulieres
547 1281 604 1365 qui
635 1282 797 1357 astabant,
829 1280 1043 1365 increpabant
1065 1301 1137 1344 eam
1164 1286 1204 1343 ut
1226 1286 1357 1355 taceret,
1389 1285 1421 1343 et

371 1354 535 1469 prrbcipue
573 1383 759 1467 capellanus
797 1383 1000 1458 Lambcrtus,
1039 1382 1157 1458 dicens,
1205 1381 1327 1461 “Quid
1365 1387 1422 1457 est,

372 1494 389 1519 “
412 1485 569 1549 domina?
600 1485 681 1569 quid
714 1484 811 1569 agis?
845 1483 926 1568 quid
948 1484 1115 1567 loqueris?
1161 1482 1238 1548 Non
1269 1483 1340 1548 lucc
1370 1505 1421 1547 sa-

372 1595 390 1621 “
411 1585 510 1670 piunt
532 1591 676 1651 mentem
698 1606 812 1650 sanam
828 1590 862 1650 et
884 1585 1074 1669 sapientem.
1123 1584 1237 1648 Funus
1260 1584 1423 1661 funebria,

373 1695 390 1721 “
412 1707 480 1751 non
513 1686 745 1772 hujuscemodi,
777 1685 963 1770 precamina
985 1686 1097 1770 poscit.
1158 1686 1271 1751 Redde
1309 1708 1425 1769 eorpus

374 1797 390 1823 “
412 1787 523 1865 cine1i,
546 1788 699 1873 spiritum
717 1787 865 1854 Creatori
887 1810 946 1851 suo
969 1789 1168 1863 commenda,
1187 1788 1244 1871 qui
1268 1794 1424 1852 creaturus

375 1898 391 1923 “
413 1910 481 1954 suae
513 1893 611 1974 prout
633 1889 708 1953 vult
741 1889 886 1953 animam
920 1888 1069 1951 infundit
1100 1892 1135 1952 et
1170 1888 1287 1951 aufert.
1346 1886 1421 1950 Noli

375 2001 391 2028 “
414 1992 506 2057 fatuo
518 2013 664 2057 sermone
674 1992 1037 2056 divinam'clementiam
1054 1991 1270 2074 exasperare.''
1316 1989 1425 2053 Nihil-

374 2093 504 2159 ominus
526 2092 585 2157 ifla
605 2093 771 2177 plangens,
796 2102 812 2127 “
825 2093 927 2168 Non‚'’
944 2093 1000 2169 ait,
1032 2093 1211 2156 “omittam
1235 2092 1424 2177 priusquam

376 2199 543 2279 “martyr
573 2193 655 2257 mihi
690 2192 896 2278 propitietur,
930 2200 964 2257 et
996 2194 1036 2257 de
1070 2194 1184 2257 funere
1217 2193 1305 2256 filius
1331 2194 1425 2256 resti-

376 2301 393 2327 “
414 2292 555 2357 tuatur.''
611 2293 655 2356 Et
685 2293 806 2377 adjecit
835 2293 932 2357 labiis
966 2293 1113 2358 defuncti
1143 2293 1276 2358 reclusis
1291 2292 1425 2377 ‘aquarn

375 2395 530 2480 martyris
569 2395 740 2471 instillare,
773 2402 965 2479 ternumque
999 2395 1165 2460 cilicinum
1204 2396 1244 2459 de
1278 2394 1426 2459 vestibus

376 2497 524 2581 ejusdcm
555 2497 712 2581 martyris
743 2497 919 2561 intrudere.
974 2496 1064 2559 Dum
1098 2497 1202 2583 gemit
1233 2503 1267 2560 et
1298 2496 1426 2571 clamat,

375 2598 523 2663 advertit
545 2598 581 2661 in
612 2598 695 2662 facie
726 2605 840 2662 notam
872 2598 1000 2662 ruboris
1023 2620 1199 2683 erumpere,
1223 2598 1354 2683 signum
1378 2599 1426 2660 di-

377 2699 464 2762 vinae
502 2698 720 2763 miserationis
751 2698 915 2784 intelligit,
943 2699 1127 2782 nuncioquc
1149 2699 1230 2763 vitre
1260 2699 1428 2763 redeuntis

379 2822 453 2867 cum
475 2800 657 2887 gratiarum
680 2800 865 2865 actionibus
887 2800 1038 2885 assurgit.

663 3035 743 3119 (69.)
766 3036 814 3099 Dc
835 3042 968 3101 mortae
990 3035 1153 3101 sciscitato.

211 3207 302 3285 ΑΜ
425 3192 514 3257 Ordo
536 3214 643 3257 rerum
668 3192 851 3257 animantia
876 3193 970 3257 varia
992 3192 1144 3277 producit
1167 3193 1201 3256 in
1223 3214 1339 3278 genere
1362 3215 1428 3269 suo,

210 3274 368 3391 mum
379 3312 466 3357 caeca
495 3298 530 3358 et
561 3293 717 3357 videntia.
774 3293 856 3372 Quae
889 3294 989 3357 semel
1027 3294 1173 3358 caecitate
1212 3294 1354 3368 damnat,
1389 3294 1429 3357 de

380 3398 497 3459 actem
519 3394 594 3458 visu
626 3395 780 3460 restituto
811 3416 878 3458 non
912 3395 1065 3460 illustrat.
1124 3394 1262 3459 Gratum
1297 3395 1429 3478 quidem

379 3496 516 3561 visionis
538 3518 676 3576 munus3
710 3498 767 3562 sed
798 3498 826 3561 si
858 3498 957 3562 semel
990 3497 1165 3574 amittitur,
1190 3497 1230 3561 do
1262 3496 1333 3582 lege
1355 3519 1430 3562 con-

379 3598 515 3663 ditionis
546 3598 700 3664 humanae
731 3621 798 3664 non
828 3599 985 3664 redditur.
1041 3599 1193 3684 Namque
1224 3599 1366 3684 privatio
1398 3608 1432 3663 ct

378 3701 513 3767 habitus
535 3702 659 3767 habent
680 3702 751 3767 fieri
784 3702 819 3765 in
851 3702 964 3767 eodem
987 3708 1021 3767 et
1043 3702 1129 3767 circa
1162 3702 1249 3767 idem
1287 3708 1431 3787 tempore

379 3804 605 3880 determinato,
637 3804 750 3868 ordine
774 3804 1007 3888 irregressibili.
1054 3803 1216 3867 Similiter
1246 3804 1344 3867 semel
1376 3826 1431 3867 ex-

379 3905 511 3971 halatus
543 3906 679 3990 spiritus
701 3905 950 3987 irremeabiliter
972 3926 1154 3991 exsangues
1181 3906 1302 3969 descrit
1332 3912 1431 3969 artus.

381 4007 477 4091 Legis
515 4007 600 4071 lator
632 4013 743 4071 autem
776 4007 947 4082 Dominus,
987 4008 1117 4091 quando
1156 4006 1237 4081 vult,
1270 4012 1432 4089 quatemus

381 4106 523 4174 animae¹
555 4109 696 4193 expedit,
730 4109 833 4195 legem
868 4109 1046 4181 humanam
1079 4130 1178 4191 quam
1211 4108 1364 4179 condidit,
1399 4116 1432 4171 et

381 4209 609 4276 conditionem·
632 4211 737 4275 carnis
768 4211 929 4275 immutat.
988 4210 1095 4273 Novit
1117 4209 1244 4273 sabbati
1270 4209 1432 4273 Dominus

381 4314 451 4377 sine
474 4312 608 4377 crimine
644 4312 817 4377 sabbatum
850 4312 990 4390 violarc;
1024 4312 1119 4376 norit
1152 4312 1275 4375 ordinis
1307 4313 1433 4375 Auctor

381 4414 527 4478 ordinem
552 4436 659 4479 rerum
683 4416 753 4479 sino
784 4415 1038 4497 transgressione
1062 4420 1197 4477 mutare.
1245 4412 1333 4492 Quid
1356 4435 1432 4498 ergo

691 4656 697 4685 ¹
717 4656 861 4705 (armenon
873 4656 898 4703 in
911 4657 966 4705 Ms.
978 4658 1019 4706 ior
1030 4674 1106 4705 (ωιτη.
