3316 6240
371 742 435 803 218
706 755 886 805 annaeum
909 758 933 805 s.
959 758 1096 819 morra,
1292 747 1371 829 [nm.
1390 762 1425 810 11.

369 940 632 1006 conversationis,
679 941 767 1005 Nam
794 941 830 1004 in
862 942 994 1025 laqueos
1022 944 1215 1027 cupiditatis
1238 944 1423 1022 incidimus,

368 1042 529 1128 superbire
552 1042 606 1106 vel
636 1042 772 1106 invidire
805 1042 931 1106 facibus
965 1045 1182 1121 accendimur,
1205 1046 1343 1110 desidia
1369 1047 1423 1111 vel

370 1145 487 1228 quovis
511 1143 576 1207 alio
599 1143 728 1208 defectu
759 1146 1007 1227 corrumpimur,
1032 1153 1066 1210 et
1089 1147 1129 1209 fit
1151 1152 1191 1210 ut
1214 1148 1300 1211 circa
1322 1148 1420 1212 finem

369 1245 496 1309 dierum
518 1248 702 1308 nostrorum
727 1244 769 1307 ad
792 1245 952 1307 mundum
976 1267 1074 1328 quern
1097 1246 1330 1331 dereliquimus
1360 1250 1421 1312 mi-

368 1368 439 1409 sero
465 1346 690 1410 circumventu
720 1343 912 1407 relabamur.
975 1344 1091 1409 Frater
1117 1348 1229 1430 itaque
1252 1350 1422 1414 morbosus

367 1446 524 1510 fratribus
547 1444 635 1508 sanis
658 1444 748 1507 oneri
772 1446 874 1528 coepit
898 1468 974 1509 esse.
1026 1447 1262 1532 Contcrnptum
1287 1450 1420 1515 induce·

365 1548 443 1625 bat3
465 1551 672 1629 contemptus
692 1546 950 1629 segregationem
971 1548 1195 1630 persuadebat.
1236 1550 1280 1613 Et
1296 1550 1419 1614 factum

367 1654 418 1713 est
440 1653 479 1711 ut
501 1647 625 1722 fratres,
647 1666 835 1729 quanquam
868 1646 1003 1709 fratrem
1029 1647 1211 1733 diligentes,
1236 1656 1357 1727 tamen,
1382 1657 1420 1714 ut

366 1754 417 1813 est
438 1749 592 1812 humanae
622 1747 820 1832 fragilitatis,
844 1747 1121 1813 cohabitationem
1149 1751 1219 1833 ejus
1243 1752 1418 1816 abhorren-

365 1856 423 1925 tes,
447 1853 655 1935 segregarent
681 1869 756 1912 eum
779 1848 815 1909 iu
838 1848 1101 1913 ιιιιιιοιὶοώιίιιιιι1
1123 1851 1278 1925 vicinum,
1295 1852 1360 1915 'ubi
1384 1858 1419 1917 et

365 1954 467 2017 frater
498 1952 577 2036 ejus
608 1951 721 2015 eadem
757 1950 950 2015 infinnitate
984 1952 1146 2025 detentus,
1180 1954 1314 2037 prmfuit
1344 1954 1418 2019 aliis

365 2053 507 2138 leprosis,
531 2052 736 2135 assignantes
759 2051 789 2113 ei
820 2052 1001 2115 necessaria
1032 2053 1079 2116 rei
1102 2052 1281 2118 familiaris.
1344 2053 1419 2133 Qua

365 2154 462 2218 domo
485 2173 558 2217 cum
583 2151 653 2215 dies
668 2151 795 2235 aliquot
818 2152 988 2235 explesset,
1003 2151 1157 2216 abbatem
1180 2176 1276 2216 suurn
1300 2175 1416 2218 convc-

364 2253 424 2331 nit,
440 2253 528 2337 quod
549 2251 696 2316 facturus
718 2256 790 2315 erat
812 2251 877 2315 iter
898 2252 1046 2317 indicans
1069 2259 1103 2316 et
1125 2253 1253 2317 itineris
1277 2275 1416 2331 causam,

364 2360 479 2441 petens
509 2354 572 2417 sibi
596 2353 755 2417 viaticum
779 2353 858 2429 dari,
884 2375 948 2437 quo
978 2360 1088 2438 partes
1118 2356 1224 2419 adiret
1255 2364 1414 2420 transma-

363 2457 459 2521 rinas.
507 2455 573 2535 Qui
595 2455 822 2520 necessitatem
846 2456 962 2519 dornus
985 2478 1052 2521 suae
1076 2459 1290 2541 praetendens,
1308 2480 1415 2523 neees-

365 2560 498 2624 sitatem
532 2564 643 2621 tamen
677 2556 813 2620 habenti
852 2580 912 2641 pro
945 2580 980 2621 re
1015 2560 1223 2643 compatiens,
1256 2560 1416 2625 victualia

365 2662 428 2725 sibi
463 2659 575 2724 debita
603 2658 731 2744 pignori
764 2680 947 2743 supponere
980 2662 1138 2725 concessit
1168 2662 1270 2727 donec
1300 2663 1413 2746 depcr-

364 2784 438 2847 egre
476 2761 605 2825 rediret.
682 2758 742 2823 Illo
777 2760 880 2844 igitur
912 2768 1081 2846 assumpto
1119 2785 1229 2827 secum
1272 2765 1413 2848 quodam

362 2862 463 2928 naue
493 2884 552 2926 suo
576 2860 812 2936 transfretavit,
835 2861 1090 2927 misericordiam
1114 2865 1268 2947 qumsivit
1299 2872 1333 2929 et
1362 2865 1413 2927 in-

362 2966 463 3043 venit,
487 2963 634 3051 pulsarit
656 2968 690 3026 et
712 2968 863 3046 apertum
886 2969 936 3027 est
959 2965 997 3029 ci.
1054 2966 1098 3029 Et
1120 2968 1199 3049 quia
1221 2967 1257 3029 in
1281 2966 1412 3030 nomine

362 3068 441 3133 Jesu
465 3066 596 3153 petivit,
618 3065 793 3148 impetrare
816 3066 1004 3148 promeruit.
1060 3066 1133 3131 Hoc
1155 3073 1267 3130 autem
1291 3068 1411 3131 ordine.

362 3170 447 3235 Cum
470 3167 660 3232 memoriam
685 3166 773 3228 beati
798 3164 932 3229 Thornae
956 3167 1112 3251 martyris
1135 3188 1238 3249 usque
1261 3168 1411 3250 frequen-

362 3276 450 3333 taret
482 3268 571 3351 pede,
594 3266 753 3352 precibus,
777 3266 925 3329 excubiis
948 3266 1096 3341 assiduis
1120 3268 1223 3330 sensit
1253 3266 1411 3329 salutaria

360 3370 515 3436 «Iordanis
538 3368 670 3443 fluenta,
686 3388 754 3429 non
776 3366 847 3451 ejus
870 3368 991 3432 veteris
1015 3368 1072 3450 qui
1096 3366 1306 3430 Palaestinam
1329 3367 1409 3430 lam-

361 3472 421 3549 bit,
454 3471 511 3535 sed
542 3469 622 3533 novi
652 3469 808 3532 Jordanis
842 3469 907 3552 qui,
935 3469 975 3532 de
1007 3469 1112 3552 capite.
1133 3469 1223 3531 novi
1256 3469 1410 3553 martyris

361 3594 537 3659 emergens,
572 3572 741 3635 derivatur
779 3571 814 3633 in
852 3570 958 3646 disim,
991 3570 1147 3633 allabitur
1189 3575 1292 3646 arton,
1331 3591 1409 3635 ana-

358 3676 449 3741 thole
472 3673 763 3756 mesembriamque
784 3693 851 3736 non
874 3668 1290 3756 prseterit,²s11pcrefllrrcns
1310 3677 1410 3737 mstus

359 3798 518 3863 aquarum
542 3780 577 3839 et
598 3780 724 3839 tractus
741 3780 901 3837 tenarum
913 3797 921 3851 3
944 3773 1001 3857 qui
1024 3772 1140 3837 melior
1163 3781 1212 3837 est
1234 3774 1353 3839 Abona
1375 3781 1409 3839 et

358 3878 529 3964 Pharphar
550 3876 662 3939 fluviis
685 3875 837 3939 Damasci
861 3879 900 3938 ut
922 3896 1009 3959 aeger
1030 3875 1159 3939 lavctru·
1179 3876 1214 3937 in
1230 3897 1275 3940 co.
1322 3876 1409 3939 Nam

357 4003 425 4045 non
455 3982 559 4045 solum
592 3979 669 4063 Syri
704 3978 801 4041 rurius
836 3977 995 4053 Naaman,
1020 3978 1077 4041 sed
1103 3977 1251 4061 plurium
1285 3978 1407 4061 lepram

358 4082 473 4159 abluit,
504 4082 561 4145 sed
595 4087 629 4143 et
659 4080 763 4143 vitam
796 4079 951 4154 restituit,
983 4079 1038 4141 scd
1074 4078 1245 4159 letargicos
1276 4078 1407 4153 excitat,

358 4183 546 4270 arreptitios
569 4182 695 4255 liberat,
717 4179 964 4265 epilenticorum
988 4183 1111 4241 statum
1135 4178 1324 4251 corisolidat,
1344 4179 1406 4265 hy-

310 4276 314 4285 ⁴
359 4286 565 4373 dropicorum
603 4283 693 4347 sitim
732 4281 832 4356 sedat,
868 4286 902 4345 et
936 4300 1031 4343 omne
1062 4300 1165 4363 genus
1203 4280 1407 4347 infirmitatis

492 4548 500 4579 ¹
517 4544 700 4607 xenedochium,
712 4544 767 4595 MS.

492 4626 503 4659 ²
520 4626 575 4675 The
587 4638 675 4674 names
687 4622 717 4673 ol
724 4624 768 4673 the
780 4620 836 4671 four
847 4628 961 4685 quartcrs
971 4636 1015 4672 ure
1026 4622 1103 4687 given
1115 4640 1143 4674 as
1155 4624 1181 4673 in
1192 4626 1236 4675 the
1248 4627 1306 4677 MS.
