3316 6240
397 782 464 846 458
731 797 912 849 nmmum
934 800 961 850 s.
984 800 1122 864 raons,
1307 789 1385 874 [nra.
1401 803 1449 854 v1.

396 982 584 1148 quparuim
606 984 696 1051 undo
718 986 898 1052 mundatus
914 984 1105 1053 (lantuariae
1128 1007 1163 1052 se
1185 962 1369 1053 videndum
1391 1010 1450 1055 ex·

423 1083 430 1097 ‘
457 1084 516 1149 uit.

399 1315 479 1406 (57.)
503 1319 551 1386 Dc
565 1318 674 1387 andita
690 1319 896 1387 Aruerncnai
918 1321 1051 1406 leproso,
1068 1320 1131 1408 qui
1145 1321 1318 1389 Jolunncs
1333 1321 1448 1388 Scotus

830 1423 867 1489 d'
885 1430 940 1490 luo
962 1431 1014 1490 est.

229 1590 343 1669 Jonnof
443 1586 459 1612 “
482 1577 733 1645 venerabilibus
756 1579 897 1645 dominis
929 1580 997 1644 suis
1029 1584 1063 1644 et
1093 1579 1208 1645 amicis
1241 1581 1278 1643 in
1313 1578 1448 1645 Christo

228 1657 361 1774 tsglgssuu
399 1686 416 1713 “
437 1679 619 1757 carissimis,
660 1680 768 1745 oasa
806 1682 905 1765 paon·
940 1687 975 1745 a
1012 1680 1179 1746 waleno
1210 1682 1372 1768 supparos
1411 1688 1448 1746 a

229 1791 319 1866 monus
330 1790 358 1841 of
398 1790 415 1815 “
438 1782 599 1846 universis
614 1782 771 1848 fratnbus
780 1783 838 1868 qui
852 1784 889 1847 in
905 1783 1136 1850 Cantuarienai
1151 1784 1287 1850 ecclesia
1301 1784 1445 1850 Domino

229 1856 332 1974 ffpffi
398 1891 415 1918 “
436 1884 647 1962 famulantur,
683 1886 888 1951 sacerdotum
928 1884 1053 1950 Christi
1084 1886 1241 1951 minimus
1276 1887 1447 1952 Joharmes

398 1992 415 2020 “
437 1985 478 2051 de
517 1985 703 2053 Sarcsberia
740 1987 880 2052 salutem
917 1992 952 2051 et
994 1986 1128 2053 sincerae
1166 1988 1314 2054 caritatis
1352 1989 1445 2054 obse-

397 2095 415 2123 «
437 2088 560 2173 quium
881 2084 890 2103 ⁸

228 2199 362 2251 Atinas
442 2190 628 2256 “Gloriam
654 2190 718 2255 Dei
751 2191 845 2256 silere
879 2211 947 2256 non
979 2212 1160 2276 possumus,
1191 2191 1375 2276 prasertim
1408 2191 1446 2256 in

227 2268 363 2397 ffissfflff‘
397 2292 586 2377 “hisquae
616 2292 785 2377 pertinent
808 2292 852 2357 ad
874 2292 978 2356 totius
1008 2292 1151 2358 ecclesiae
1183 2292 1444 2370 aedificationem,

228 2399 342 2461 Pontius,
397 2402 414 2428 “
437 2400 472 2459 et
494 2394 748 2459 consolationem
772 2400 926 2472 nostram,
950 2394 1070 2478 quibus
1093 2394 1224 2460 coelitus
1255 2396 1371 2460 datum
1395 2401 1446 2461 est

227 2465 349 2582 ffi'ssd
397 2504 414 2531 “
436 2503 476 2560 ut
490 2518 550 2562 nos
566 2496 762 2582 quandoque
777 2502 909 2563 sanctus
924 2496 1066 2561 Thomas
1089 2496 1267 2562 familiares
1281 2498 1444 2563 habuerit.

228 2596 375 2675 claiwaux,
397 2605 414 2633 “
438 2599 554 2684 Nuper
576 2620 650 2664 oum
673 2599 710 2662 in
732 2599 812 2663 urbe
835 2599 1033 2664 Bituricensi
1063 2620 1123 2663 rex
1146 2599 1346 2664 Francorum
1377 2601 1445 2685 cpi-

227 2663 367 2791 Effloffi,
398 2707 607 2787 “scaporum
639 2705 673 2765 et
704 2721 873 2786 procerum
906 2705 1106 2766 conventum
1132 2700 1303 2766 habuisset
1340 2702 1444 2767 solen-

225 2796 319 2911 ”lmf
398 2809 416 2836 “
437 2823 522 2878 nem,
545 2802 742 2868 venerabilis
765 2803 817 2866 vir
840 2802 987 2880 Poncius,
1004 2803 1169 2887 quondam
1193 2801 1444 2869 Olarevallensis

225 2876 339 2979 wid
398 2912 415 2940 “
437 2905 546 2983 abbas,
570 2926 658 2969 nunc
688 2905 860 2990 episcopus
881 2903 1146 2982 Clarmontensis
1170 2904 1228 2989 qui
1259 2905 1303 2970 ab
1324 2905 1446 2991 Anglia

226 2994 374 3060 nuvergne.
397 3007 550 3093 “paucis
573 3007 688 3072 diebus
722 3007 872 3084 redierat,
895 3027 1004 3072 coram
1026 3029 1101 3092 rege
1135 3012 1170 3071 ot
1191 3007 1444 3093 archiepiscopis

396 3118 413 3145 “
435 3110 633 3176 Bituricensi
649 3115 684 3174 et
699 3108 880 3174 senonensi
896 3115 931 3174 ct
945 3108 1105 3195 episcopis
1120 3113 1155 3173 ot
1169 3110 1357 3194 proceribus
1379 3130 1444 3174 coe·

396 3221 413 3248 “
435 3213 487 3298 pit
501 3212 618 3277 referre
641 3211 799 3277 miracula
814 3233 888 3296 quae
910 3211 953 3276 ad
976 3210 1166 3276 memoriam
1189 3212 1294 3278 sancti
1310 3211 1443 3277 Thomas

396 3315 597 3380 “Dominus
628 3318 783 3400 operatur
805 3313 841 3377 in
871 3313 1040 3378 Arvernia.
1088 3311 1174 3378 Cum
1206 3335 1285 3378 vero
1319 3334 1442 3397 quaerc-

343 3472 346 3477 .
396 3421 526 3480 “retur
557 3416 600 3479 ab
633 3416 705 3501 ipso
742 3436 787 3479 an
809 3414 879 3500 ipse
911 3415 1014 3480 oculis
1052 3415 1121 3479 suis
1154 3414 1277 3479 viderit
1306 3413 1441 3498 aliquod

397 3526 413 3553 “
436 3515 631 3582 miraculum
654 3516 707 3581 oui
740 3516 776 3579 in
798 3515 939 3580 veritate
974 3516 1098 3580 ordinis
1130 3516 1181 3580 sui
1214 3515 1440 3579 testimonium

226 3629 307 3690 John,
395 3618 604 3705 “perhibere
641 3617 785 3694 auderet,
824 3617 1011 3703 respondit:
1027 3655 1072 3665 -
1089 3626 1096 3651 ‘
1112 3617 1194 3682 Erat
1230 3617 1266 3680 in
1304 3616 1441 3682 civitate

226 3696 381 3813 §ffifdcffigd
394 3730 412 3757 ‘¹
435 3726 570 3787 ‘nostra
603 3719 698 3784 miles
719 3718 847 3797 nobilis,
871 3718 1004 3783 nomino
1035 3718 1204 3785 lohannes
1227 3717 1352 3795 Scotus,
1383 3719 1441 3804 qui

226 3828 255 3878 of
264 3799 372 3896 leprosy.
394 3834 411 3860 “
434 3832 524 3889 ‘non
555 3823 723 3909 pauciores
755 3822 881 3887 reditus
914 3843 1013 3906 quam
1037 3821 1206 3905 episcopus
1240 3821 1383 3886 habebat
1405 3821 1440 3884 in

394 3936 411 3963 “
435 3926 601 3993 ‘civitate
648 3925 682 3989 Is
704 3924 811 3990 factam
833 3923 987 4008 leprosus,
1011 3922 1138 4007 judicio
1161 3921 1238 3988 cleri
1262 3927 1297 3986 et
1318 3922 1439 4008 populi,

394 4038 411 4066 “
434 4034 496 4095 ‘ut
518 4028 618 4093 moris
651 4032 710 4103 ost,
733 4048 754 4092 a
776 4031 864 4091 coetu
887 4025 1019 4110 publico
1053 4029 1249 4109 segregatus,
1273 4024 1375 4089 etiam
1397 4024 1440 4089 ab

394 4142 410 4167 “
435 4141 567 4207 ‘uxore
591 4150 689 4214 quam
723 4127 868 4194 nobilem
898 4128 1047 4203 duxerat,
1082 4125 1263 4202 derelictus,
1296 4146 1440 4190 seorsum

394 4242 411 4269 “
434 4234 555 4320 ‘longo
586 4236 733 4316 tempore
763 4229 893 4295 mansit.
940 4229 1087 4295 Tandem
1119 4227 1242 4293 auditis
1272 4227 1439 4294 miraculis

394 4345 411 4373 “
435 4335 564 4402 ‘sancti
587 4334 729 4410 Thomas,
754 4331 968 4398 cantuariam
991 4330 1163 4416 profectus,
1191 4335 1267 4414 post
1299 4329 1439 4396 multam

392 4448 409 4474 “
433 4448 579 4503 ‘moram
602 4437 669 4500 fere
692 4458 750 4500 sex
781 4434 950 4510 mensium,
973 4454 994 4497 a
1017 4437 1130 4498 sancto
1157 4431 1283 4497 Thcma
1305 4437 1438 4497 curatus
