3316 6240
391 834 457 897 398
724 851 907 901 ursaceus
928 852 954 901 s.
977 852 1117 911 ancus,
1313 838 1391 921 [ms.
1409 854 1442 906 u.

222 1040 348 1120 Taunus,
389 1035 564 1100 suetudine
587 1037 796 1121 sequentium
829 1042 993 1101 armatam
1027 1034 1182 1102 militiam
1217 1036 1305 1102 mala
1338 1037 1445 1101 multa

221 1123 347 1225 fflffi,
389 1137 618 1223 perpetrabet3
647 1139 826 1203 nonenim
856 1140 899 1204 ab
931 1138 1103 1204 hominum
1126 1160 1205 1204 nece
1228 1139 1443 1224 temperabat,

221 1238 548 1319 thednsofn0n1000
579 1261 670 1306 sacro
701 1240 880 1327 sepulturae
903 1241 1062 1326 deputato
1094 1239 1268 1317 deferebat,
1299 1240 1444 1306 maxime

222 1308 361 1432 iffi?
389 1362 433 1406 ex
454 1362 493 1406 eo
515 1348 661 1437 tompore
684 1364 749 1428 quo
771 1347 957 1428 martyrum
989 1343 1138 1428 catalogo
1160 1342 1278 1408 beatus
1300 1341 1443 1408 Thomas

222 1444 567 1555 fffflwaseociatus
605 1449 663 1521 est,
701 1443 796 1529 cujus
836 1446 943 1531 primo
980 1444 1143 1530 passionis
1188 1465 1275 1510 anno
1313 1444 1444 1531 cingulo

222 1539 283 1623 mis
389 1542 518 1609 militiae
541 1544 682 1609 donatrrs
706 1551 762 1610 est
809 1544 851 1610 In
865 1546 1018 1611 omnibus
1041 1551 1152 1611 tamen
1168 1546 1264 1611 bonis
1278 1546 1333 1611 vel
1348 1546 1444 1611 malis

389 1666 464 1730 quae
497 1647 641 1733 gerebat,
672 1647 853 1713 novissima
890 1668 951 1712 sua
987 1648 1193 1733 specietenus
1231 1648 1442 1725 memorabat,

389 1752 634 1834 martyrumque
656 1747 816 1814 Thomem
850 1749 888 1813 in
921 1749 994 1835 ipsa
1025 1750 1267 1835 perpetratione
1290 1750 1444 1816 facinoris

389 1850 505 1916 orabat
526 1871 568 1915 ne
591 1871 626 1916 se
649 1850 821 1917 damnaret
842 1850 972 1917 facinus
996 1851 1086 1935 quod
1107 1852 1327 1938 perpetrabat.

432 1950 500 2018 Hic
538 1952 575 2015 in
606 1952 851 2039 expugnatione
882 1952 1054 2038 cujusdam
1089 1953 1198 2029 castri,
1229 1974 1305 2019 cum
1335 1953 1443 2019 acrius

389 2054 537 2130 instaret,
560 2053 681 2119 validis
703 2055 825 2121 ictibus
846 2076 1019 2141 percussus
1043 2060 1078 2120 et
1104 2060 1289 2141 prostratus
1311 2062 1369 2132 est,
1392 2061 1443 2121 at-

389 2176 454 2240 que
490 2155 658 2241 lapidibus
694 2157 842 2234 obrutus,
881 2156 939 2221 sed
973 2161 1167 2244 protegente
1204 2156 1306 2223 lorica
1342 2157 1442 2222 morti

389 2262 529 2342 ereptus.
575 2256 665 2323 Hinc
696 2258 905 2344 aegritudinis
943 2258 1119 2323 seminario
1153 2264 1329 2337 contracto,
1368 2265 1444 2345 post

389 2358 554 2423 modicum
576 2360 707 2445 tempus
741 2356 948 2444 quadruplici
981 2358 1132 2443 passione
1161 2359 1309 2424 laborare
1332 2360 1442 2446 coepit,

387 2459 524 2524 alterius
545 2458 752 2526 brachiorum
776 2459 1001 2536 dissolutione,
1024 2464 1132 2546 gutta,
1155 2481 1269 2545 quaes
1295 2462 1442 2547 quinque

387 2562 484 2626 annis
506 2568 594 2628 retro
617 2562 721 2648 spinae
736 2561 922 2638 inhaeserat,
939 2560 1060 2638 cardia,
1077 2582 1151 2647 quae
1174 2583 1291 2648 corpus
1306 2563 1443 2628 resolvit

388 2662 424 2725 in
446 2664 640 2729 continuum
663 2663 823 2741 sudorem,
839 2668 875 2728 et
896 2663 971 2727 sitis
986 2662 1205 2728 intolerabilis
1226 2663 1352 2740 ardore,
1368 2686 1442 2750 quae

388 2762 453 2828 fuit
474 2763 674 2849 hujusmodi,
697 2770 737 2829 ut
758 2764 965 2851 refrigerium
1001 2763 1231 2829 vehementius
1262 2769 1441 2850 appeteret,

389 2867 447 2931 sed
468 2889 544 2934 cum
566 2866 620 2932 vel
642 2888 711 2933 una
732 2871 831 2953 gutta
863 2886 960 2951 aquia
983 2865 1019 2929 in
1042 2886 1079 2930 os
1102 2865 1173 2952 ejus
1196 2866 1442 2932 transfundere·

388 2975 452 3048 tur,
490 2970 707 3056 torquebatur
746 2975 782 3035 et
818 2967 994 3034 exsiliebat
1031 2972 1192 3052 tanquam
1229 2988 1350 3053 aquam
1384 2968 1442 3034 ab·

388 3072 542 3140 horreret.
601 3073 656 3139 Ita
690 3094 752 3139 nec
782 3071 933 3137 ardorem
963 3090 1024 3135 noc
1057 3069 1263 3156 refrigerium
1301 3071 1442 3157 perferre

388 3175 528 3253 valebat,
544 3176 702 3239 nimirum
725 3175 766 3239 de
788 3192 910 3260 magna
931 3170 1162 3249 misericordia,
1179 3194 1255 3258 quae
1274 3174 1441 3238 neminem

387 3278 464 3343 vult
489 3278 603 3365 perire,
626 3276 842 3363 praemonitus
864 3294 962 3359 super
985 3272 1140 3338 infernali
1156 3294 1263 3359 paena,
1287 3294 1361 3359 quae
1383 3295 1442 3340 no-

388 3384 499 3445 centes
529 3379 657 3444 animas
689 3376 894 3443 transfundit
915 3375 959 3441 ab
987 3375 1084 3461 aquis
1106 3375 1235 3440 nivium
1265 3376 1301 3439 in
1331 3376 1442 3462 ignem

388 3481 537 3558 nimium,
561 3502 701 3566 quorum
716 3486 874 3545 neutrum
896 3476 1038 3543 tolerare
1060 3482 1205 3563 possunt
1252 3476 1316 3541 His
1339 3479 1441 3563 passi-

388 3587 509 3652 onibus
550 3586 661 3651 triduo
693 3592 845 3663 vexatus,
888 3583 1009 3670 (neque
1039 3585 1128 3649 enim
1161 3583 1352 3670 passionum
1384 3607 1441 3650 ve-

388 3689 590 3755 hementiam
622 3688 713 3753 lutea
744 3688 906 3774 fragilitas
931 3685 1059 3750 diutius
1081 3686 1290 3771 sustinebat)
1325 3692 1441 3753 vocato

389 3792 563 3869 sacerdote,
586 3791 677 3858 cavit
699 3812 773 3876 quse
797 3788 969 3855 decedenti
991 3788 1143 3854 nocitura
1165 3790 1309 3874 putavit,
1335 3790 1441 3875 poeni-

389 3894 520 3960 tentiali
544 3894 744 3960 confessione
775 3891 940 3978 lamuelem
965 3891 1198 3968 confusionem,
1223 3891 1377 3958 confisus
1399 3890 1442 3957 ad

388 3998 503 4063 horam
526 4018 568 4061 ne
590 3996 846 4062 confunderetur
867 3994 904 4057 in
927 3998 1097 4058 aeternum.
1144 3993 1440 4058 Praeconsiderans-

389 4122 453 4185 quc
476 4098 566 4163 viam
601 4118 667 4182 qua
697 4096 859 4161 transitur
891 4095 1071 4171 advitam,
1095 4094 1226 4181 signum
1260 4093 1441 4160 Dominiee

389 4202 549 4289 passionis
571 4198 717 4264 humeris
749 4198 817 4263 suis
840 4196 964 4283 imponi
989 4196 1182 4284 postulavit,
1205 4197 1381 4283 indignum
1408 4219 1441 4262 se

389 4312 546 4393 reputans
577 4301 755 4388 sepultura,
789 4298 856 4363 nisi
894 4320 988 4364 cruca
1023 4303 1182 4384 eiuscepta.
1230 4298 1326 4380 Quod
1358 4298 1443 4364 sicut

390 4410 504 4476 amicis
525 4406 714 4474 nolentibus
737 4402 886 4468 obtinere
907 4422 976 4465 non
991 4401 1110 4486 potuit,
1126 4400 1173 4466 sic
1193 4401 1240 4465 eis
1256 4400 1443 4466 volentibus

391 4533 502 4578 curam
518 4511 718 4575 medicorum
736 4526 804 4569 non
819 4503 974 4583 curabat3
989 4524 1056 4567 non
1067 4502 1208 4588 pulsum,
1221 4524 1289 4567 non
1304 4503 1442 4579 urinam,

391 4615 438 4679 eis
461 4614 610 4698 praebens
633 4607 879 4695 inspiciendam,
903 4605 982 4691 quie
1004 4626 1096 4691 spem
1118 4610 1223 4670 totam
1239 4604 1275 4671 in
1298 4610 1443 4689 martyre

391 4718 516 4781 fixerat.
565 4715 673 4796 Quam
697 4717 809 4776 tamon
840 4730 915 4775 cum
948 4709 1091 4773 latenter
1113 4707 1344 4794 inspexissent,
1368 4728 1472 4797 cum·
