3316 6240
224 1215 290 1264 um.
306 1198 368 1282 vu]
429 1213 589 1264 rumora
610 1212 791 1261 unuanuo
815 1211 1078 1263 cmmsamusr.
1220 1201 1285 1265 503

240 1433 345 1518 (111.)
369 1432 417 1500 Do
439 1431 581 1502 maroa
603 1453 678 1518 pura
696 1454 760 1518 por
781 1438 973 1516 rutupi-em,
997 1452 1095 1518 quem
1118 1428 1209 1497 oid-it
1231 1431 1274 1497 ira

588 1532 723 1611 munais,
747 1530 927 1599 contraraie.

272 1684 465 1750 Patiebatur
501 1704 586 1748 uxor
619 1683 790 1768 eujusdam
824 1680 1000 1768 Reginaldi
1037 1680 1145 1749 cleriei
1183 1681 1282 1771 longo
1294 1691 1419 1744 Thewife

223 1792 374 1871 tempore
397 1786 526 1849 fluxum
548 1785 724 1871 sanguinis.
784 1783 875 1862 Quae,
898 1804 973 1849 cum
999 1805 1058 1870 per
1080 1782 1201 1847 doloris
1223 1808 1280 1851 ex·
1294 1825 1389 1884 naras

223 1893 394 1955 crementa
426 1888 560 1953 morbus
590 1887 627 1950 in
658 1886 727 1950 dies
760 1884 984 1963 invalesceret,
1016 1906 1140 1949 memor
1173 1894 1281 1954 extre·
1294 1890 1425 1949 curua

225 2009 355 2053 morum
378 2011 519 2065 suorum,
551 1987 744 2071 Judicisque
768 1987 911 2052 districti
936 1987 993 2070 qui
1015 1988 1125 2055 reddit
1152 1958 1415 2073 unicui-{Z‘ft{¹1‚‘⁰

224 2111 290 2175 que
321 2096 421 2177 prout
450 2091 553 2176 gessit
584 2090 620 2153 in
652 2110 793 2174 corpore,
826 2089 926 2173 petiit
956 2094 996 2153 ut
1027 2100 1157 2161 mutato
1190 2100 1281 2161 statu

223 2191 307 2256 vitae
339 2213 408 2256 suae
439 2191 646 2258 continenter
680 2190 794 2254 vivere
828 2190 1083 2274 permitteretur.
1142 2198 1281 2264 Contra·

224 2293 353 2359 dicento
377 2294 449 2358 viro
472 2316 539 2370 suo,
563 2294 625 2357 sub
648 2292 758 2357 dolore
782 2313 901 2375 magno
924 2290 1054 2372 durans,
1078 2304 1112 2363 et
1135 2301 1172 2363 in
1195 2301 1281 2367 solu.

224 2395 315 2460 tione
359 2396 466 2462 carnis
501 2394 698 2459 solutionem
738 2392 859 2456 doloris
896 2400 1097 2478 exspectans,
1139 2402 1282 2487 quadam

225 2503 322 2562 nocte
345 2497 506 2560 visionem
528 2495 623 2558 vidit.
671 2494 753 2559 Erat
774 2498 886 2558 autem
909 2493 990 2559 hora
1011 2498 1128 2581 quinta
1151 2503 1280 2567 antelu.

224 2619 314 2674 cana,
338 2603 373 2661 et
396 2618 467 2663 ecoe
491 2597 661 2680 episeopus
687 2595 725 2657 in
747 2599 839 2659 veste
862 2595 1063 2677 sacerdotali,
1087 2602 1282 2668 redimitus¹

227 2718 327 2763 aurea
363 2699 471 2774 mitra,
510 2718 649 2782 sequens
687 2696 840 2762 oloricum
878 2719 1007 2762 crucem
1044 2704 1280 2786 praeferentem,

227 2799 394 2884 ingressus
428 2803 479 2864 est
504 2797 548 2863 ad
577 2819 658 2863 cam
718 2795 782 2861 Cui
814 2819 889 2862 cum
920 2804 1051 2879 astaret,
1085 2806 1282 2888 pastoralem

227 2900 382 2966 baculum
411 2900 500 2977 rasit,
526 2897 611 2984 [et]²
633 2899 722 2984 quod
745 2898 870 2964 abrasit
892 2900 1029 2965 mittens
1052 2902 1089 2967 in
1120 2906 1282 2991 scyphum

226 3001 418 3087 propinavit
448 3000 637 3066 infirmanti.
686 3009 703 3035 “
720 2999 835 3080 Quid‚''
870 3000 981 3085 inquit
1011 3002 1076 3082 illa,
1114 3015 1129 3040 “
1146 3008 1283 3075 bibam?

225 3106 243 3137 “
265 3108 397 3167 mortua
419 3102 518 3166 sum.''
573 3101 765 3187 Respondit,
791 3101 966 3168 “Baculus
999 3103 1061 3169 iste
1095 3114 1283 3175 sanctorum

227 3212 244 3239 “
266 3203 332 3268 fuit
355 3210 523 3288 pastorum
539 3202 788 3269 Cantuariensis
811 3203 961 3281 ecclesiae,
976 3204 1013 3268 in
1036 3228 1102 3290 qua
1124 3216 1158 3274 et
1180 3211 1285 3278 abbas

227 3312 244 3340 “
266 3305 444 3392 Burgensis
476 3305 644 3391 depositus
675 3310 732 3370 est.
796 3304 886 3383 Bibe,
918 3306 1148 3374 convalesces.''
1209 3312 1283 3380 Hoc

225 3406 345 3484 dicens,
368 3406 405 3470 in
427 3427 524 3472 auras
546 3406 692 3472 evanuit.
738 3405 803 3470 Illa
824 3406 925 3470 rediit
946 3406 989 3472 ad
1011 3431 1053 3486 se,
1069 3411 1215 3478 nesciens
1237 3436 1282 3481 an

223 3530 337 3573 somno
360 3507 414 3573 vel
445 3509 567 3574 exstasi
590 3508 711 3573 mentis
734 3513 908 3586 teneretur,
940 3515 974 3574 et
1004 3532 1100 3576 mane
1130 3515 1282 3582 surrexit.

224 3610 304 3678 Post
327 3615 456 3696 tempus
478 3611 650 3689 modicum,
674 3631 755 3675 sana
776 3610 930 3676 visitavit
952 3613 1116 3680 medicum
1138 3638 1242 3682 suum.

280 3850 382 3935 (112.)
406 3849 454 3915 De
472 3848 592 3935 praua
614 3869 697 3933 quur,
720 3869 827 3933 prtum
849 3848 1057 3917 devoveram·
1078 3851 1235 3938 orouyri,

496 3949 666 4016 calculum
688 3946 778 4034 ejecit
800 3947 843 4015 ia
866 3949 1000 4017 baim

269 4105 350 4169 Fuit
371 4106 408 4169 in
437 4111 535 4192 portu
567 4104 741 4170 Ostreham
772 4104 919 4190 puellula
943 4128 986 4171 ex
1016 4108 1279 4193 progenitoribus
1292 4125 1319 4175 Α
1331 4126 1379 4192 girl
1391 4128 1423 4179 or

224 4206 393 4272 Franoone
423 4213 458 4272 et
488 4206 613 4283 Emma,
637 4211 709 4272 octo
740 4205 870 4271 circiter
899 4227 1068 4286 annorum,
1092 4210 1206 4273 statim
1237 4212 1281 4276 ab
1291 4192 1402 4309 ffffir
1430 4236 1433 4242 ·

224 4307 307 4393 ipsis
338 4307 432 4373 cunis
463 4306 630 4373 mlenosa
693 4306 784 4386 Quae,
817 4307 968 4390 quamvis
999 4308 1041 4372 ab
1075 4309 1279 4376 infirmitatis
1291 4295 1426 4375 luminam
1510 4304 1513 4315 '

225 4408 323 4473 initio
361 4430 488 4494 semper
517 4407 770 4493 angustiaretur,
804 4412 916 4472 tamen
953 4407 1099 4474 instante
1132 4416 1279 4498 tempore
1292 4391 1421 4507 ffiffi‘of

223 4510 404 4578 curationis
427 4532 495 4575 suae
517 4509 633 4594 majori
656 4508 842 4574 vexabatur
871 4510 1033 4595 angustia,
1056 4510 1138 4576 adeo
1160 4518 1201 4579 ut
1221 4537 1280 4600 per
1291 4520 1335 4570 the
1345 4521 1424 4582 Ome,

223 4611 363 4676 duorum
385 4611 549 4676 mensium
572 4610 717 4696 spatium
731 4611 774 4676 ab
789 4610 941 4676 omnibus
963 4612 1158 4678 miserabilis
1180 4614 1279 4681 habe
1291 4586 1463 4703 meg),

222 4720 321 4791 retur,
356 4714 501 4800 ipsisque
525 4713 716 4799 parentibus
748 4734 836 4776 mors
866 4712 937 4797 ejus
969 4719 1146 4798 optaretur.
1193 4716 1278 4783 Con·
1292 4719 1422 4837 {mus

257 4909 266 4940 ¹
282 4908 338 4960 The
350 4910 420 4959 word
434 4925 515 4961 seems
533 4917 560 4959 to
579 4909 645 4959 hare
663 4911 727 4960 been
807 4909 818 4941 ²
834 4909 974 4963 Interlined
986 4910 1013 4961 in
1024 4910 1081 4963 MS

220 4987 383 5116 mmm
392 4990 489 5039 altered
499 4988 527 5038 in
535 4990 591 5041 MS.
600 4988 652 5039 into
660 5004 727 5053 γνα-

1294 1757 1409 1824 ernegi-
1538 1818 1541 1825 Ι
