3316 6240
469 750 534 813 508
803 764 982 816 marsuan
1004 766 1032 815 s,
1055 766 1193 830 moun,
1378 754 1459 838 [nm.
1477 769 1529 817 vr

551 1012 653 1096 (120.)
677 1011 725 1076 De
746 1011 870 1077 clauae
892 1034 916 1076 a
937 1013 1099 1097 eertiqtac
1123 1019 1153 1077 et
1171 1019 1269 1097 yutta
1291 975 1441 1078 liberato.

300 1172 433 1235 weltona
512 1163 549 1228 Si
572 1165 758 1239 memoriter
780 1170 884 1242 teneo
910 1166 1046 1243 Galten',
1071 1188 1145 1252 quae
1169 1167 1209 1231 de
1240 1173 1273 1232 te
1304 1168 1456 1245 narrasti,
1482 1168 1527 1234 de

200 1243 206 1255 '
298 1239 400 1290 deanin

299 1305 447 1367 Yorkshire,
468 1266 664 1333 Eboracensi
685 1268 815 1332 climate
835 1269 1026 1353 peregrinus
1049 1270 1092 1333 ad
1114 1270 1238 1355 gratias
1253 1270 1382 1335 venisti.
1440 1271 1528 1337 Ver·

299 1371 450 1424 nmedof
466 1368 571 1454 tigine
602 1369 816 1445 laboraveras,
840 1373 875 1433 et
897 1391 940 1433 ex
961 1375 1059 1455 gutta
1083 1392 1157 1454 quae
1181 1371 1245 1435 tibi
1268 1371 1480 1456 pertingebat
1505 1393 1529 1437 a

298 1439 431 1557 ᾖξ’,ᾚζξ
467 1469 600 1534 renibus
630 1469 672 1534 ad
695 1469 849 1534 articulos
881 1471 1002 1555 pedum
1035 1470 1117 1535 duas
1148 1470 1367 1536 hebdomades
1401 1471 1528 1538 affixus

465 1570 550 1636 lecto
566 1571 773 1646 decubuerss,
789 1591 904 1655 gerens
927 1571 964 1635 in
979 1571 1141 1636 desiderio
1160 1572 1289 1658 jugiter
1303 1593 1389 1657 equa
1412 1575 1527 1658 potari

465 1670 629 1755 martyris.
688 1669 762 1749 Qua
787 1672 922 1735 tandem
954 1676 1090 1756 potatus
1123 1674 1204 1738 hora
1236 1674 1302 1738 diei
1333 1674 1442 1751 tertia,
1468 1676 1527 1740 die

465 1777 597 1858 postera
622 1770 785 1834 resolutus
817 1771 852 1835 in
885 1772 1038 1836 sudorem
1061 1773 1176 1837 eadem
1208 1774 1290 1839 hora
1312 1775 1526 1854 convaluisti,

463 1880 498 1939 et
521 1894 656 1958 surgens
680 1872 906 1937 deambulasti.
970 1872 1043 1939 Hoc
1067 1873 1211 1939 referens
1234 1876 1334 1941 fidem
1365 1875 1527 1943 relationi

464 1974 569 2042 facere
592 1974 749 2051 meruisti,
773 1975 921 2039 sacerdos
944 1979 978 2038 et
1003 1974 1154 2040 decanus.

466 2232 568 2316 (121.)
590 2233 638 2298 Do
656 2255 763 2320 peroro
782 2255 845 2319 per
858 2233 1107 2299 invocationem
1128 2235 1293 2319 cruertyrr's
1308 2235 1350 2301 ab
1365 2237 1525 2301 extremis

916 2342 1043 2400 revocat
1063 2388 1068 2400 .

298 2500 452 2551 ruewnof
511 2487 699 2574 Stephanus
723 2487 865 2572 quidam,
889 2508 1004 2572 gerens
1027 2492 1240 2572 personatum
1263 2487 1407 2553 ecclesiae
1430 2490 1524 2557 villae

297 2565 430 2695 {32¹2}
464 2590 652 2666 Oestrefeld,
678 2590 783 2653 filium
819 2612 916 2653 suum
949 2612 991 2654 ex
1018 2590 1241 2655 diuturnitate
1274 2590 1442 2676 langueris
1478 2594 1523 2658 ad

298 2696 413 2750 cheam-
463 2699 611 2757 extrema
641 2692 819 2756 deductum
851 2690 1026 2776 sepelisset,
1057 2692 1123 2755 nisi
1154 2697 1334 2776 martyrem
1366 2693 1407 2756 de
1431 2695 1522 2759 saui-

295 2763 413 2881 fflssdoe‘
464 2800 533 2859 tate
556 2794 627 2878 ejus
649 2793 835 2878 lacrymans
869 2792 1130 2877 interpellassct3
1153 2815 1231 2857 nani
1255 2793 1417 2857 clauserat
1442 2816 1522 2859 oeu-

296 2895 408 2947 whenin
464 2896 512 2961 los
528 2902 567 2961 ut
582 2895 754 2960 decessisse
777 2899 959 2979 putaretur,
976 2916 1057 2979 quos
1073 2895 1203 2980 aperuit
1226 2916 1304 2958 mox
1326 2899 1366 2958 ut
1388 2903 1522 2982 martyr

296 2969 438 3029 mmm
464 2998 611 3064 invocari
635 2997 742 3084 eoepit.

711 3235 812 3319 (122.)
836 3234 883 3299 De
906 3232 1067 3299 correction
1088 3231 1269 3318 epilentiro.

296 3403 418 3466 william,
508 3393 638 3458 Sanctae
673 3390 931 3456 conversationis
966 3389 1143 3455 canonieus
1175 3386 1361 3451 Willehnus
1392 3388 1520 3474 viginti

294 3468 442 3523 efscoken-
462 3495 557 3559 annis
581 3493 738 3578 epilensia
760 3492 975 3557 laboraverat.
1023 3489 1112 3568 Quae,
1137 3490 1288 3574 quamvis
1311 3511 1387 3553 eum
1410 3491 1519 3554 rarius

294 3600 399 3664 (stoek-
460 3616 560 3679 quam
591 3593 762 3678 plerosque
795 3592 879 3656 solet
911 3592 1077 3676 arriperet,
1102 3591 1301 3675 quandoque
1332 3612 1390 3674 per
1414 3590 1520 3655 iuter·

294 3668 436 3796 &33¹⁸
460 3700 648 3764 missionem
676 3697 775 3761 unius
802 3697 882 3762 anni
906 3696 958 3760 vel
984 3695 1122 3772 dimidii,
1148 3717 1234 3780 saepe
1258 3717 1316 3778 per
1339 3694 1519 3779 interpola·

295 3802 412 3879 cufss‘l0s
461 3803 584 3868 tionem
617 3801 738 3866 mensis
770 3800 869 3864 unius
901 3803 961 3862 aut
991 3798 1144 3883 plurium,
1169 3820 1237 3861 non
1260 3797 1378 3862 minori
1403 3804 1518 3864 tamen

292 3867 414 3935 ⁰p¹¹⁰p⁵³²
460 3906 606 3970 vexabat
637 3903 799 3990 angustia
862 3901 950 3964 Nam
983 3922 1057 3965 cum
1090 3906 1266 3984 pateretur,
1293 3922 1334 3963 ex
1358 3922 1449 3965 mora
1482 3909 1517 3966 et

460 4009 556 4073 modo
589 4006 737 4092 patiendi
769 4008 918 4068 mortuus
942 4002 996 4066 vel
1030 4002 1128 4065 morti
1161 4001 1292 4066 vicinus
1324 4002 1517 4086 putabatur.

460 4111 539 4175 Post
576 4109 760 4194 passionem
797 4126 883 4181 vero,
917 4104 1018 4169 biduo
1055 4103 1108 4168 vel
1143 4103 1254 4168 triduo
1292 4104 1517 4170 membrorum

459 4233 592 4277 suorum
616 4208 859 4274 destituebatur
882 4204 993 4283 officio,
1019 4226 1079 4270 nee
1102 4205 1170 4269 ullo
1194 4206 1380 4270 resectionis
1403 4206 1516 4272 trahe-

460 4315 559 4379 batur
581 4313 708 4377 affectu.
773 4310 817 4374 Et
840 4308 1000 4393 siquando
1023 4307 1144 4393 frigida
1175 4309 1327 4373 monibus
1359 4308 1431 4393 ejus
1465 4311 1517 4374 in-

457 4416 658 4480 fundebatur
681 4434 775 4498 aqua,
799 4418 958 4496 tanquam
989 4410 1239 4496 transfigeretur
1261 4410 1373 4476 aculeo
1397 4411 1516 4477 obstu-

456 4516 615 4601 pescebat.
682 4514 771 4579 Hinc
793 4512 903 4578 fratris
931 4511 1048 4576 fratres
1080 4511 1200 4575 misera
1226 4512 1412 4575 conditione
1437 4513 1515 4576 vul-

455 4620 663 4684 nerabantur.
726 4615 815 4682 Nam
846 4615 963 4681 honori
996 4636 1080 4690 eum,
1106 4613 1259 4699 quamvis
1292 4613 1384 4678 oneri
1415 4623 1511 4691 esset,
