3316 6240
378 797 441 862 516
709 810 890 861 unicum
912 812 939 862 s.
960 810 1098 872 raons,
1283 795 1367 880 [nm.
1384 811 1435 861 ru

380 1046 482 1131 (127.)
506 1046 554 1111 Dc
577 1047 726 1132 quodam
742 1046 900 1132 sortiente,
916 1048 978 1133 qai
992 1070 1051 1114 tros
1064 1048 1243 1114 iacentum
1259 1045 1437 1133 fraupcua

467 1149 579 1214 cisum
606 1148 769 1234 perdidit,
800 1156 830 1214 et
864 1172 927 1236 per
957 1156 1142 1236 martyrem
1177 1148 1342 1215 lemom
1381 1169 1434 1213 re-

467 1249 646 1335 cupetur-it.

212 1408 299 1458 latter
426 1414 442 1441 “
451 1405 564 1471 Abbas
579 1406 860 1492 Bringnonnensis
876 1406 1016 1472 coenobii
1031 1405 1231 1491 humilisque
1245 1410 1433 1471 conventus

212 1474 363 1590 {ffisseof
380 1513 397 1542 “
420 1507 565 1592 ejusdem
588 1506 651 1572 loci
674 1507 853 1572 Benedicto
876 1507 977 1592 priori
1001 1506 1225 1573 Cantorberiae
1256 1528 1331 1573 cum
1354 1507 1433 1571 uni-

212 1604 363 1720 pssim-
381 1616 397 1642 “
420 1608 522 1671 versis
545 1608 704 1692 religiosis
734 1607 806 1672 Deo
836 1609 898 1673 sub
920 1631 981 1673 sua
1003 1609 1178 1696 vigilantia
1201 1610 1318 1675 devote
1341 1608 1435 1673 mili.

213 1684 345 1799 <i²0⁸⁰120⁰b
381 1716 398 1743 “
420 1708 577 1785 antibus
602 1708 749 1773 struem.

212 1815 346 1892 ‚01121’119-
425 1809 599 1874 “Noverit
654 1831 714 1894 pro
770 1816 858 1876 certo
903 1816 1022 1877 vestrae
1066 1812 1272 1878 discretionis
1316 1815 1436 1876 sancta

212 1880 357 1996 {¹5¹3AE
381 1911 636 1977 “consideratio
669 1913 824 1996 quoniam
861 1912 1074 1998 praesentium
1112 1912 1297 2001 litterarum
1335 1911 1434 1996 baju-

213 2010 356 2062 rotinere·
381 2021 398 2048 “
421 2013 473 2077 lus
518 2034 592 2078 cum
637 2012 702 2077 alio
745 2014 887 2098 quodam
933 2013 1066 2078 homine
1116 2019 1238 2078 terram
1283 2010 1434 2078 fodiebat

133 2174 137 2179 .
211 2085 357 2193 ffiffiat'
382 2114 457 2177 “in
490 2114 614 2199 praedio
647 2114 817 2199 cujusdam
851 2120 972 2180 nostrie
1005 2114 1145 2180 novellas
1167 2112 1317 2180 ecclesiae.
1364 2111 1434 2192 Qui

161 2288 166 2293 ,
212 2210 320 2324 {mil
383 2224 400 2251 “
421 2237 496 2281 cum
528 2215 565 2279 in
595 2216 702 2280 altum
734 2215 866 2293 foderet,
890 2237 949 2281 vas
982 2217 1146 2301 quoddam
1169 2217 1315 2280 vitreum
1337 2214 1434 2281 mirae

211 2276 362 2459 ἐξὲξ
383 2324 400 2351 “
421 2315 679 2483 puppfftuffls
711 2317 821 2482 suffbito
853 2317 1026 2483 adiquventiit
1038 2341 1046 2396 ;
1091 2318 1179 2401 quod
1217 2317 1327 2403 ligone
1366 2337 1434 2481 quo

228 2472 234 2485 .
382 2426 399 2454 ‘¹
480 2419 487 2432 '
582 2419 710 2482 nsius
769 2419 860 2482 r'.
960 2418 967 2432 '
1079 2439 1160 2482 uum
1267 2417 1436 2482 uaeinus

214 2472 290 2536 sght.
383 2527 399 2555 “
421 2424 657 2596 houbibairtui,c
674 2424 854 2584 videeliceegtlt
875 2440 995 2586 terriiii
1016 2440 1169 2607 enigram
1183 2440 1267 2585 easitq
1279 2519 1435 2605 quaedam

383 2630 400 2657 “
421 2620 552 2685 minuto
583 2642 663 2697 ossa,
697 2621 842 2706 indignis
877 2625 1034 2686 tractaret
1064 2621 1225 2698 manibus,
1257 2641 1350 2685 mora
1381 2620 1436 2685 in·

383 2730 400 2758 “
423 2723 629 2787 terveniento
663 2724 858 2808 parvissima
888 2722 1001 2787 lumen
1038 2722 1206 2788 oculorum
1235 2721 1355 2799 emisit,
1397 2727 1433 2787 et

383 2832 401 2859 “
423 2822 531 2889 aliena
553 2824 796 2890 manuductus
819 2829 869 2888 est
890 2825 927 2887 in
948 2823 1127 2888 oratorium
1151 2823 1296 2908 ejusdcm
1323 2822 1432 2901 fundi,

383 2925 534 3010 “ibique
565 2926 653 3011 quod
685 2931 854 3012 supererat
876 2925 942 2990 diei
965 2927 1088 2990 orando
1120 2926 1253 3011 peregit.
1300 2924 1438 2991 Interea

383 3034 517 3093 “nocte
550 3027 650 3092 finem
683 3027 748 3093 diei
781 3028 980 3093 terminante
1013 3028 1146 3092 domum
1184 3048 1277 3093 suam
1307 3033 1438 3093 traetus

359 3137 400 3176 -“
422 3130 484 3194 sub
506 3129 634 3194 inflicta
656 3129 803 3194 caecitate
819 3129 915 3193 'nocti
938 3128 1025 3192 diem
1056 3134 1247 3214 sequentem
1280 3127 1436 3194 continu·

383 3240 400 3267 “
422 3231 502 3296 avit.
549 3230 614 3296 Sed
647 3236 759 3296 tamen
792 3230 829 3292 in
856 3220 1003 3295 'secunda
1033 3234 1129 3295 nocte
1162 3251 1231 3295 suae
1265 3228 1436 3307 oaecitatis,

383 3341 400 3369 “
423 3355 599 3419 parumper
620 3337 698 3398 ante
721 3338 830 3397 ortum
864 3330 954 3407 lucis,
979 3351 1046 3396 vox
1078 3332 1229 3416 quaedam
1262 3330 1351 3397 facta
1383 3337 1438 3396 cst

384 3442 401 3469 ‘¹
423 3434 466 3499 ad
488 3454 564 3498 eum
586 3438 627 3497 ut
648 3437 804 3517 surgeret,
821 3431 989 3497 ecclesiam
1005 3438 1141 3517 peteret,
1156 3435 1271 3498 missas
1293 3432 1436 3509 audiret,

386 3543 403 3570 “
424 3522 680 3599 misericordiam
703 3533 767 3598 Dei
790 3552 886 3598 orans
909 3554 984 3599 oum
1014 3532 1079 3598 fide
1110 3539 1144 3599 et
1175 3534 1350 3600 devotione
1377 3556 1438 3600 ex-

386 3644 403 3672 “
426 3641 595 3722 spectaret.
644 3634 710 3714 Qui
733 3656 811 3699 sane
834 3634 985 3720 protinus
1007 3636 1160 3712 surrexit,
1177 3641 1211 3700 et
1233 3658 1267 3700 se
1290 3635 1366 3701 duci
1389 3637 1437 3702 ad

386 3737 619 3824 “praedictum
643 3736 822 3802 oratorium
852 3734 1022 3800 humiliter
1052 3735 1241 3821 postulavit.
1290 3735 1363 3815 Quo
1385 3737 1440 3802 in-

387 3846 405 3876 “
427 3861 536 3927 gresso
559 3846 676 3905 votum
697 3839 802 3915 vovit,
825 3860 859 3904 se
882 3839 998 3904 limina
1021 3837 1269 3917 cantuariensis
1292 3838 1440 3905 ecclesiae

386 3950 404 3976 “
426 3942 616 4027 petiturum,
640 3940 668 4004 si
699 3940 858 4024 martyris
891 3939 1124 4005 intercessione
1149 3939 1257 4003 visum
1292 3938 1439 4025 recipere
1530 3940 1534 3946 ’

387 4051 404 4078 “
426 4048 613 4107 mereretur.

432 4154 450 4180 “
461 4144 525 4208 His
556 4145 605 4209 ita
637 4145 746 4230 gestis,
778 4142 903 4208 auditis
937 4143 1045 4207 missis
1077 4148 1111 4207 et
1142 4143 1306 4209 canonicis
1338 4142 1440 4221 horis,

387 4246 648 4332 “fratribusque
671 4245 733 4311 loci
756 4245 846 4308 illius
869 4244 1047 4310 secundum
1079 4252 1280 4330 praeceptum
1314 4244 1441 4330 regulae

387 4357 404 4384 ‘¹
426 4349 469 4413 ad
503 4348 647 4413 laborem
670 4368 828 4412 manuum
851 4346 1102 4422 discedentibus,
1125 4345 1302 4430 praedictus
1333 4367 1441 4412 caecus

386 4460 403 4487 “
425 4449 513 4515 solus
535 4450 572 4513 in
594 4449 741 4514 oratione
762 4448 928 4524 remansit,
945 4447 1003 4511 diu
1026 4454 1061 4512 et
1083 4447 1201 4512 devote
1216 4448 1332 4525 oravit,
1348 4469 1441 4533 pres-

385 4559 403 4586 ⁴‘
426 4571 481 4614 sus
504 4570 616 4614 somno
639 4549 804 4625 dormivit,
821 4549 1013 4614 dormiendo
1028 4549 1193 4634 quandam
1216 4549 1441 4615 venerabilem

387 4660 404 4687 ‘⁴
427 4671 599 4737 personam
621 4656 700 4715 ante
722 4672 757 4716 se
780 4654 928 4720 transire.
951 4655 992 4714 ut
1013 4650 1137 4716 fatetur
1168 4651 1264 4729 vidit,
1288 4651 1442 4719 vestibus
