3316 6240
461 771 525 834 526
795 787 976 837 russeum
999 789 1023 838 s
1047 789 1184 851 moun,
1367 776 1447 859 [ms.
1468 792 1509 839 vr

459 1026 560 1112 (144.)
592 1026 641 1093 Dc
662 1027 819 1094 suscitato
834 1028 916 1113 filio
938 1028 1116 1110 sucerdotis
1138 1028 1235 1113 cujus
1255 1029 1376 1096 doetus
1401 1030 1518 1117 pluqo

541 1151 701 1215 percusso
723 1137 769 1195 est
789 1129 875 1214 quio
898 1131 945 1197 cul
965 1130 1119 1197 tumbam
1141 1131 1306 1217 uuirtyris
1327 1131 1517 1198 suscitctus

544 1230 710 1298 exhibitus
731 1253 804 1298 ooo
826 1238 878 1297 est.

284 1386 399 1451 reicolas,
500 1383 663 1448 Parvulus
694 1384 874 1451 Nieholaus
904 1383 940 1447 in
970 1384 1160 1469 episcopatu
1190 1384 1403 1461 Nor-wicensi
1427 1385 1515 1451 villa

283 1457 403 1583 ffifgf
456 1484 635 1562 Necatona‚
663 1486 750 1549 intra
781 1506 906 1550 annum
939 1485 1129 1550 nativitatis
1163 1507 1232 1551 suae
1265 1492 1416 1551 mortuus
1450 1494 1513 1553 est.

285 1587 431 1679 Nectabis
456 1586 639 1652 Constabat
669 1588 861 1672 parentibus
893 1588 933 1652 de
956 1595 1061 1653 morte
1087 1590 1165 1674 ejus,
1190 1597 1224 1654 ct
1246 1590 1320 1655 aliis
1344 1592 1402 1675 qui
1424 1613 1512 1676 prae-

284 1652 440 1769 {epp-cese
454 1695 564 1752 sentes
595 1689 785 1764 intererant,
808 1689 1001 1753 videntibus
1024 1691 1254 1776 corpusculum
1284 1693 1355 1757 sinc
1377 1692 1512 1779 spiritu,

283 1784 395 1901 gfff}
454 1791 601 1856 membra
632 1790 702 1855 sine
733 1795 835 1867 motu,
868 1813 1018 1875 spumam
1051 1815 1109 1878 per
1139 1814 1176 1858 os
1208 1800 1443 1879 erumpentem,
1475 1801 1514 1860 et

283 1867 375 1967 'helin
455 1916 528 1977 quse
567 1894 755 1960 deficientes
796 1894 956 1958 emittunt
1001 1917 1060 1979 per
1097 1895 1285 1960 inferiorem
1331 1897 1511 1982 regionem.

283 1984 422 2099 ffllssb
455 1996 563 2061 Mater
595 1997 678 2087 hmo¹
699 1996 816 2061 videns
854 2004 1033 2081 martyrem
1074 1997 1224 2082 precibus
1248 2003 1293 2060 et
1327 1996 1510 2082 lachrymis

349 2087 354 2098 ’
454 2096 693 2181 interpellabat.
762 2096 861 2161 Pater
883 2118 970 2173 vero,
994 2097 1146 2181 quamvis
1173 2098 1329 2174 sacerdos,
1354 2099 1510 2182 quamvis

454 2198 643 2283 evangeliea
673 2197 822 2262 doctrina
852 2198 1010 2273 eruditus,
1042 2199 1129 2263 inter
1160 2204 1278 2263 caetcrs
1308 2199 1424 2264 mortis
1455 2199 1509 2264 in-

454 2298 539 2363 dicia
572 2321 682 2383 preces
715 2298 851 2363 inutiles
884 2304 1051 2383 reputans,
1087 2300 1192 2364 vitam
1231 2322 1325 2384 posse
1359 2301 1509 2367 revocari

453 2400 654 2484 desperabat.
712 2398 834 2464 Verum
865 2400 983 2464 mulier
1005 2400 1070 2464 fide
1093 2400 1191 2485 plena
1213 2407 1292 2466 voto
1317 2402 1508 2487 peregrina-

454 2502 553 2565 tionis
575 2501 722 2565 obtinuit
744 2506 783 2564 ut
806 2522 888 2585 puer
909 2501 1051 2565 alterum
1074 2502 1242 2567 oculorum
1270 2524 1403 2567 suorum
1428 2525 1508 2589 ape·

453 2603 541 2679 riret‚
566 2602 791 2686 paulatimque
814 2602 1032 2667 revivisceret.

280 2692 337 2743 'rue
496 2704 695 2769 Procedente
727 2710 881 2788 tempore,
905 2704 1194 2789 supersedentibus
1224 2704 1291 2768 illis
1322 2712 1506 2789 martyrem

280 2767 425 2889 iiilllling
452 2804 631 2889 glorificare
666 2811 701 2869 ot
734 2804 929 2871 suscitatum
964 2805 1127 2883 exhibere,
1159 2807 1260 2890 coepit
1294 2807 1410 2870 domus
1445 2807 1507 2873 illa

281 2891 428 3007 ffiffiff
450 2905 547 2991 plaga
576 2905 788 2970 adversitatis
817 2905 928 2991 affligi.
990 2905 1094 2990 Cujus
1124 2904 1235 2990 pueris
1266 2907 1393 2971 duobus
1420 2907 1505 2974 vitae

282 3021 311 3070 of
323 3022 435 3086 pilgrim-
450 3007 630 3092 praereptis‚
646 3007 746 3071 tertia
769 3006 972 3091 virguncula,
988 3006 1097 3073 focum
1120 3007 1269 3072 incidens
1292 3009 1346 3072 cui
1368 3009 1504 3087 assedit,

281 3103 395 3219 ffigrfl}
449 3108 532 3174 facie
571 3108 741 3174 combusta
779 3108 957 3193 digitisque
991 3108 1128 3172 alterius
1166 3130 1325 3173 manuum
1364 3131 1502 3174 suarum

278 3219 404 3297 punierim
450 3210 577 3275 amissis
593 3210 881 3295 puerarieatomm
904 3216 1079 3293 parentum
1102 3216 1272 3295 peccatum
1288 3210 1359 3274 luit.
1399 3210 1504 3276 Cum-

280 3286 384 3417 ffleyl‘
449 3334 513 3395 que
541 3311 687 3375 nondum
720 3310 763 3374 ad
795 3311 1070 3395 peregrinandum
1102 3316 1235 3395 propter
1266 3311 1504 3377 intercidentes

451 3413 661 3477 necessitates
684 3410 925 3494 expedirentur,
949 3411 1067 3475 moniti
1091 3416 1171 3474 sunt
1193 3411 1294 3476 etiam
1317 3433 1375 3497 per
1396 3412 1500 3477 visio·

448 3534 524 3576 nem
552 3511 697 3575 mulieris
720 3510 851 3575 effectui
874 3517 989 3574 votum
1013 3532 1110 3574 suum
1142 3514 1335 3599 mancipare,
1358 3533 1399 3576 nc
1420 3534 1499 3597 gna·

447 3613 540 3677 viora
562 3611 707 3697 pericula
729 3617 932 3675 mererentur
954 3612 1126 3678 incurrere.

450 3859 551 3944 (145.)
574 3858 624 3924 Dc
643 3879 727 3924 cccc
742 3879 817 3944 qum
839 3856 1109 3944 scopulosum
1132 3859 1205 3925 siae
1221 3859 1354 3924 lesione
1376 3861 1495 3927 retulit.

276 4018 394 4068 Avens
490 4015 632 4096 Quidam
655 4020 767 4079 nautae
783 4014 1004 4079 Oadumenses
1027 4021 1162 4080 onerata
1184 4037 1269 4080 nave
1294 4015 1499 4082 velificantes

275 4082 430 4201 &503⁰ssstOE
444 4119 660 4204 impetierunt
683 4118 718 4180 in
733 4116 899 4202 scopulos3
922 4122 956 4181 et
972 4117 1078 4181 sactus
1094 4123 1144 4181 est
1166 4118 1323 4202 strepitus
1345 4139 1496 4203 magnus,

274 4213 368 4279 having
443 4226 477 4284 et
509 4219 633 4285 collisio
665 4223 761 4282 tanta
798 4223 845 4295 ut,
870 4218 932 4282 etsi
963 4218 1177 4282 adamantina
1214 4220 1310 4284 navis
1344 4225 1429 4284 esset
1461 4226 1497 4286 et

273 4284 405 4399 {tillim
442 4345 556 4400 vacua,
580 4326 754 4408 putaretur
777 4320 864 4384 elidi.
918 4320 1018 4384 Unde
1041 4321 1234 4385 exsilienmt
1264 4322 1299 4384 in
1329 4321 1494 4406 scapham,

326 4490 330 4498 ,
441 4427 609 4492 salvantes
635 4424 763 4489 animas
794 4444 877 4501 suas,
908 4423 988 4487 navi
1019 4423 1180 4508 rebusque
1210 4423 1361 4499 dimissis,
1384 4430 1494 4491 custo-

441 4529 531 4594 diam
562 4526 702 4611 martyri
733 4525 930 4611 delegantes,
954 4531 988 4589 et
1011 4525 1042 4589 ei
1064 4526 1261 4611 spondentes
1291 4526 1493 4592 oblationem

440 4631 469 4695 si
492 4652 543 4694 res
566 4632 713 4694 servaret
735 4648 816 4711 quas
847 4627 910 4712 ipsi
941 4648 1070 4693 servare
1093 4649 1160 4692 non
1183 4632 1343 4713 poterant.
1404 4628 1495 4697 Mira
