3316 6240
342 792 408 857 324
677 808 856 857 8888888
879 809 903 855 8
928 807 1064 861 monn,
1249 788 1326 873 [ms.
1343 802 1388 850 iv.

341 996 496 1061 verticem
529 1016 641 1061 eorum
671 996 797 1082 jugiter
829 996 1021 1060 incumbens
1055 995 1200 1060 carinam
1235 991 1390 1057 fluctibus

341 1098 509 1173 obruebat,
541 1098 624 1162 adeo
657 1104 695 1161 nt
726 1097 909 1171 nobiliores,
940 1098 998 1181 qui
1032 1096 1160 1181 scaphae
1191 1094 1388 1167 insidebant,

341 1205 492 1283 exparte
514 1199 657 1284 eorporis
680 1199 955 1285 immergerentur.
996 1199 1052 1265 Sic
1067 1200 1173 1263 tribus
1196 1198 1297 1261 ferme.
1321 1194 1389 1257 die-

341 1300 403 1362 bus
437 1307 472 1363 et
502 1301 654 1366 noctibus
680 1301 798 1385 jac-tati
832 1302 867 1366 in
902 1302 1062 1366 incertmn
1097 1300 1293 1373 serebantrn,
1332 1295 1388 1358 ubi

342 1401 484 1466 locorum
507 1408 624 1479 essent,
648 1408 709 1467 aut
734 1425 800 1487 quo
835 1403 1014 1478 tonderent,
1038 1402 1171 1487 penitus
1193 1402 1389 1487 ignoranter,

343 1508 463 1569 terram
501 1526 630 1569 omnem
663 1511 698 1570 et
739 1505 858 1571 lluetus
889 1527 1001 1570 omnes
1032 1510 1198 1589 suspectos
1221 1501 1387 1566 habentes.

344 1606 385 1669 ln
400 1606 452 1670 his
475 1607 563 1671 enim
586 1609 742 1693 scopulos,
766 1608 802 1671 in
830 1607 887 1673 illa
902 1608 995 1683 rada,
1011 1606 1240 1671 formidabant.
1279 1604 1390 1668 Tertia

343 1708 404 1783 die,
420 1709 500 1793 quia
514 1731 633 1773 nornen
649 1709 736 1775 beati
753 1709 887 1775 Thomas
909 1710 953 1775 ad
968 1709 1113 1794 singulos
1136 1709 1255 1774 fluctus
1287 1706 1389 1773 acola-

343 1810 487 1887 mabant,
511 1811 742 1878 consolationis
757 1812 900 1876 remedio
910 1811 980 1895 jam
1004 1811 1213 1896 desperantes
1236 1831 1389 1875 revocan-

344 1920 419 1989 tur;
446 1934 523 1977 nam
546 1914 675 1999 sigerum
700 1914 824 1979 divinae
847 1915 1029 1979 elementiae
1052 1921 1179 1999 martyr
1202 1913 1267 1980 illis
1282 1919 1389 1977 osten·

344 2014 402 2079 dit.
450 2015 494 2079 Et
527 2015 695 2081 clamitare
733 2022 913 2101 etelrerunt,
936 2017 993 2081 alii
1025 2037 1124 2082 unam
1150 2018 1184 2079 in
1222 2017 1309 2089 nari,
1332 2017 1389 2081 alii

344 2117 433 2191 duas,
450 2140 483 2181 se
508 2118 628 2183 vidisse
650 2118 817 2197 lueerrras3
838 2119 896 2184 alii
920 2120 1026 2205 digito
1049 2124 1226 2204 martyrem
1251 2140 1389 2205 praesen-

345 2226 411 2283 tem
450 2220 729 2286 demonstrabant.
778 2222 828 2286 Ex
853 2228 933 2287 tunc
971 2228 1165 2308 tempestato
1204 2222 1324 2297 sedata,
1357 2228 1392 2285 et

344 2322 426 2387 mari
459 2322 657 2407 quiescente,
696 2324 731 2387 in
764 2330 895 2408 portum
932 2326 1132 2390 Gentianam
1164 2325 1222 2409 qui
1271 2324 1391 2389 dieitru·

343 2422 529 2489 Winehelso
552 2425 687 2509 projecti
713 2434 799 2490 sunt.
861 2427 959 2492 Unde
982 2427 1082 2492 nudis
1109 2426 1248 2513 pedibus
1270 2448 1390 2491 memo·

343 2526 426 2593 riam
448 2528 500 2591 881
523 2528 697 2593 salvatoris
718 2528 879 2594 adierunt

369 2770 448 2857 (12.)
473 2768 656 2839 11888818
674 2772 960 2860 188881881188188
978 2772 1202 2861 periclitante,
1226 2773 1273 2841 od
1295 2774 1392 2860 cuja

611 2876 858 2943 8188881818
881 2884 925 2943 est
949 2884 1125 2963 triennales.

174 2998 288 3089 william
388 3030 615 3099 (18111818881
648 3040 864 3122 cognomento
890 3035 1068 3111 Wendhut,
1103 3058 1161 3122 per
1193 3036 1263 3102 loca
1293 3036 1391 3101 mari-

174 3104 305 3155 Wendlnrt
360 3135 366 3149 ·
689 3138 696 3151 .
861 3161 864 3166 ,
1085 3139 1092 3151 .
1358 3140 1364 3151 .

174 3170 329 3223 isddiveau
342 3142 425 3202 tima
445 3160 488 3203 cx
511 3138 581 3203 solo
609 3158 742 3204 nomino
773 3143 880 3215 notus,
908 3137 1094 3203 vehementr
1129 3144 1323 3225 tempestate
1356 3159 1390 3201 m

174 3237 327 3289 insnum.
341 3260 461 3306 oceano
489 3240 687 3324 jactabatur.
746 3241 834 3307 Nam
869 3245 988 3306 ventus
1022 3242 1193 3307 turbineus
1223 3247 1258 3306 et
1290 3245 1391 3306 aestus

342 3343 489 3409 undosus
510 3344 624 3410 navim
648 3345 719 3429 ejus
742 3345 898 3411 fluctibus
913 3345 1104 3430 implebant,
1120 3346 1203 3411 adeo
1225 3351 1265 3410 ut
1286 3366 1390 3431 prone

343 3445 558 3531 partibusque
595 3448 815 3514 anterioribus
851 3469 948 3513 nemo
979 3454 1089 3533 posset
1126 3449 1274 3514 insidens.
1336 3448 1390 3511 'li-

343 3548 456 3613 mebat
486 3549 590 3635 igitur
621 3550 690 3635 ipso
724 3549 797 3627 sibi,
821 3551 961 3616 timebat
990 3556 1025 3615 et
1055 3550 1142 3616 navi.
1198 3551 1276 3615 Non
1309 3550 1391 3615 artis

345 3651 516 3727 industria,
541 3674 615 3736 qum
637 3652 816 3737 qualitates
838 3653 1074 3718 elementorum
1100 3658 1135 3718 et
1157 3660 1250 3718 ortus
1276 3658 1390 3717 vento·

344 3775 416 3817 rum
456 3754 669 3840 providebat;
707 3778 774 3820 non
811 3756 907 3820 navis
941 3756 1111 3841 capacitas,
1151 3778 1225 3840 queo
1259 3761 1391 3821 centnm

343 3876 444 3940 equos
468 3858 721 3940 transponebat;
745 3878 812 3923 non
834 3858 969 3923 nautica
991 3856 1167 3934 temeritas,
1191 3880 1266 3941 quae
1282 3856 1390 3941 lingili

344 3957 433 4043 ligno
456 3957 562 4021 vitam
585 3958 688 4023 eredit
699 3982 708 4037 ;
737 3980 805 4023 non
833 3958 938 4023 animi
960 3957 1100 4043 deniqne
1127 3958 1320 4043 praestantia
1341 3981 1389 4020 88-

342 4058 516 4123 euritatom
556 4060 752 4143 prrestabat:
790 4060 895 4125 solum
928 4060 1087 4125 virtutem
1119 4059 1266 4125 ooelicam
1297 4080 1389 4143 posse

343 4158 406 4223 sibi
429 4160 601 4245 suffiagari
632 4160 668 4224 in
698 4166 792 4225 tanto
823 4167 915 4226 motu
945 4163 1189 4239 elementorum,
1213 4162 1299 4226 sicut
1321 4164 1391 4224 erat

343 4267 378 4327 81
400 4284 523 4339 verum,
547 4262 778 4328 arbitrabatur.
824 4263 923 4328 Unde
945 4262 1217 4330 881188188111882
1241 4263 1335 4330 888118
1357 4266 1392 4326 81

342 4365 647 4452 eonnavigantibus
670 4365 910 4451 longitudinem
941 4367 1036 4432 navis
1068 4388 1137 4432 sure
1167 4366 1222 4432 filo
1252 4387 1391 4431 eommo-

343 4466 427 4531 11188
448 4472 565 4533 votum
588 4468 690 4546 vovit,
714 4490 748 4533 88
777 4490 844 4535 888
876 4490 935 4553 per
957 4470 1063 4535 undas
1086 4470 1220 4545 iturum,
1243 4469 1308 4533 8181
1335 4490 1392 4555 per

484 4626 627 4634 ----..-—
646 4626 691 4633 .-.-
707 4626 791 4633 .-.
809 4627 815 4633 .
842 4627 846 4631 -
869 4626 873 4631 -
887 4626 905 4632 -.
922 4626 1380 4635 —·---—---.—..—-.—-—-

377 4708 384 4741 ¹
404 4710 448 4758 Sir
459 4710 516 4760 MS.
859 4709 864 4775 1
913 4710 924 4741 ²
940 4709 1134 4773 colarlunlibus,
1146 4712 1202 4765 Ms.
