3316 6240
386 784 451 854 474
721 806 899 855 rimarum
922 809 946 854 s.
971 807 1107 866 ruens,
1286 791 1364 874 [nm.
1391 807 1439 856 vr.

385 992 442 1076 qui
469 992 522 1076 pie
544 992 662 1057 volunt
684 994 796 1058 vivere
828 995 862 1057 in
885 995 1025 1071 Christo,
1049 1001 1143 1080 patet
1173 996 1208 1059 in
1239 996 1437 1062 liberatione

383 1114 495 1156 eorum
519 1096 720 1161 miraculum.
767 1096 803 1160 si
819 1117 896 1160 vero
913 1096 1083 1181 illegitime
1099 1098 1266 1180 conjuncti
1291 1099 1437 1176 fuerunt,

385 1200 419 1259 ct
441 1196 560 1260 mulier
581 1197 658 1261 huic
680 1197 753 1261 viro
783 1198 897 1281 nupsit
920 1199 1055 1262 vivente
1086 1198 1195 1263 adhue
1217 1200 1289 1263 viro
1313 1201 1433 1285 priore,

385 1320 482 1384 quem
506 1300 577 1384 ipsa
598 1306 676 1365 ante
698 1300 824 1384 aliquot
850 1322 952 1364 annos
975 1301 1147 1366 decessisse
1170 1302 1375 1387 perhibebat,
1400 1312 1436 1369 et

382 1409 554 1467 accusatur
590 1402 699 1467 adhue
729 1402 849 1478 vivere,
881 1402 1097 1468 nihilominus
1130 1405 1237 1468 virtus
1272 1407 1434 1490 martyris

385 1504 567 1578 innotescit,
591 1504 648 1588 qui
680 1502 782 1569 scelus
815 1526 926 1568 eorum
949 1504 1113 1570 occultum
1152 1505 1200 1569 ibi
1234 1506 1291 1569 ubi
1331 1507 1437 1574 latere

384 1606 548 1691 putabant
571 1605 706 1671 detexit.

385 1861 463 1948 (75.)
488 1862 535 1927 Dc
549 1861 668 1927 necetis
682 1882 830 1947 pacorum
852 1862 951 1927 aureis
965 1862 1012 1927 sic
1027 1862 1139 1948 fructu
1157 1869 1201 1927 est
1219 1870 1256 1929 ut
1272 1863 1433 1951 sructura

736 1986 807 2030 nou
826 1971 932 2050 posset
955 1964 1090 2029 obstrui.

216 2109 374 2159 aversator
428 2107 550 2172 Nautis
584 2108 779 2193 quibusdam
817 2108 857 2172 de
893 2108 1009 2173 Castro
1048 2108 1152 2185 Nove,
1186 2108 1274 2192 quod
1308 2108 1435 2172 fluvius

214 2174 366 2306 glffiff‘*
384 2208 522 2295 Thyrius
544 2210 649 2288 alluit,
672 2232 761 2275 mare
784 2210 1027 2296 navigantibus,
1049 2211 1144 2275 navis
1167 2211 1285 2275 subtus
1308 2212 1436 2288 attrita,

214 2311 349 2422 preserved
384 2332 567 2397 magnaque
605 2313 701 2377 ruina
738 2313 900 2389 fatiscens,
932 2313 1052 2378 fluctus
1089 2312 1224 2377 bibebat
1256 2334 1277 2376 a
1314 2314 1434 2379 carina.

216 2390 309 2491 3211,
384 2412 473 2478 Nam
504 2436 563 2478 sex
585 2414 671 2490 hinc,
694 2420 819 2499 septem
851 2414 936 2491 inde,
959 2414 1044 2478 clavi
1068 2414 1193 2479 excussi
1220 2422 1328 2499 partes
1352 2436 1436 2500 quas

383 2516 573 2581 munierant
595 2517 815 2581 infirmabant.
863 2516 960 2596 Quod
982 2515 1192 2580 advertentes
1218 2522 1330 2581 nautae
1354 2517 1435 2583 fluc-

383 2622 437 2680 tus
461 2617 679 2702 irrumpentes
709 2616 898 2681 exhaurire·
915 2617 1118 2701 satagebant,
1143 2619 1249 2700 quoad
1282 2623 1437 2703 poterant

329 2764 333 2769 -
382 2721 526 2804 periculo
548 2726 760 2786 occurrentes.
823 2720 888 2784 Sed
911 2742 1014 2805 quum
1036 2720 1176 2805 irruptio
1199 2721 1360 2785 fluctuum
1388 2722 1436 2788 la-

383 2822 492 2886 borem
524 2828 673 2899 cassaret,
696 2844 758 2887 nec
789 2821 935 2886 tractura
967 2827 1137 2905 pateretur
1168 2822 1436 2901 obstructionem,

381 2925 494 2988 navim
525 2925 608 2989 mari
632 2924 840 3010 periculoque
864 2924 1077 3008 reliquerunt,
1102 2925 1304 3010 ingementes
1326 2933 1361 2990 et
1384 2928 1435 2992 di·

380 3033 498 3105 centes,
523 3038 539 3063 “
555 3028 637 3107 Tibi,
665 3028 816 3105 Domine,
838 3028 935 3093 navis
968 3032 1002 3091 et
1032 3028 1216 3092 animarum
1247 3026 1434 3095 nostrarum

381 3139 398 3162 “
421 3152 531 3196 curam
562 3131 806 3197 committimus.
867 3130 1005 3215 Respice
1030 3130 1255 3215 periclitantes
1281 3133 1316 3195 in
1348 3154 1434 3197 mar·
1515 3122 1521 3131 ’

383 3241 399 3264 “
422 3237 496 3316 tyre
519 3232 653 3309 Thema,
672 3232 793 3317 quibus
816 3232 935 3295 merita
957 3231 1089 3315 propria
1111 3252 1178 3296 non
1201 3232 1432 3318 suffragantur.

383 3344 399 3368 “
423 3333 558 3399 Ceream
579 3336 611 3399 ei
634 3335 747 3400 navim
774 3334 975 3420 pollicemur,
1003 3338 1043 3397 ut
1065 3334 1208 3420 ligneam
1236 3337 1434 3400 conserves.''

382 3436 529 3519 Dignum
564 3439 698 3520 stupore
733 3435 935 3521 suffragium.
997 3434 1076 3499 Post
1107 3457 1217 3520 preces
1251 3444 1286 3501 et
1316 3443 1432 3502 votum

381 3536 497 3600 diebus
520 3536 626 3600 tribus
648 3541 681 3600 et
703 3536 842 3600 totidem
865 3536 1017 3600 nectibus
1040 3537 1075 3599 in
1099 3543 1200 3621 ponto
1223 3538 1358 3615 detenti,
1383 3541 1433 3603 vi-

381 3639 502 3702 derunt
525 3637 645 3702 fluctus
666 3637 779 3701 navim
802 3637 939 3701 influere
962 3643 997 3701 et
1011 3638 1155 3702 refluere.
1203 3640 1267 3704 Sed
1292 3640 1431 3705 intluen-

382 3741 471 3804 tibus
502 3740 634 3805 termini
667 3739 840 3805 constituti
873 3745 959 3816 sunt,
991 3761 1032 3802 ne
1066 3741 1324 3824 supereffluendo
1356 3744 1433 3806 sub-

381 3847 590 3928 mergerent;
624 3841 840 3907 refluentibus
874 3848 996 3916 autem,
1028 3842 1117 3905 sicut
1139 3849 1174 3906 et
1207 3845 1431 3921 influentibus,

381 3945 568 4030 injunctum
584 3950 635 4010 est
650 3945 801 4011 timorem
817 3944 1008 4009 videntibus
1028 3945 1155 4022 inferre,
1172 3951 1207 4010 et
1222 3947 1431 4013 devotionern

381 4047 532 4112 excitare.

381 4306 460 4389 (76.)
496 4303 544 4368 De
575 4303 694 4369 nautis
725 4326 873 4389 quorum
905 4304 989 4369 aliis
1020 4328 1206 4391 supersum
1240 4308 1431 4375 clu-ritatem

468 4413 602 4492 martyr
621 4405 762 4471 Tlronrus
778 4407 929 4482 osterulit,
945 4406 1029 4471 (iliis
1050 4429 1171 4473 erucem
1189 4409 1341 4494 farctum
1364 4434 1431 4477 ser·

469 4509 569 4574 ree-it.

212 4656 367 4707 sumemus
425 4656 510 4721 Aliis
533 4655 598 4720 alio
628 4660 775 4740 tempore
805 4656 917 4720 nautis
941 4655 981 4719 de
1012 4657 1172 4740 portubus
1203 4658 1349 4735 diversis,
1373 4662 1430 4724 scd

212 4723 335 4774 shovrto
533 4758 539 4772 .
965 4757 996 4770 ..
1197 4759 1203 4772 .
1314 4761 1320 4774 .

211 4802 280 4839 „me
381 4761 571 4829 Cantuanae
595 4779 721 4831 vicmrs,
745 4762 873 4842 martyr
894 4757 1057 4820 auxrlnuu
1081 4759 1229 4825 coutuht.
1277 4761 1348 4835 H1s,
1372 4783 1431 4829 va-
