3316 6240
420 775 484 837 506
751 784 931 837 ameum
953 786 978 834 s
1001 786 1140 848 moun,
1331 771 1411 856 [mn.
1428 788 1479 839 vr.

420 974 457 1038 in
488 996 638 1040 somnum
660 974 749 1039 vidit
778 976 857 1059 quia
888 974 1073 1060 aquodam
1104 973 1234 1039 itineris
1269 976 1321 1039 sui
1353 976 1479 1043 comite

420 1076 553 1139 domurn
576 1075 752 1160 repedante
775 1076 845 1161 ipse
862 1076 1051 1142 Cantuarire
1074 1075 1322 1161 relinqueretur.
1368 1078 1473 1144 Unde

421 1199 534 1241 somno
569 1199 704 1244 excusso
738 1177 944 1254 exclamavit,
976 1199 1097 1244 vocans
1128 1199 1204 1242 eum
1238 1180 1371 1243 nomine
1404 1201 1476 1246 suc.

422 1280 492 1357 Ille,
515 1286 555 1344 ut
586 1279 756 1365 proximus
787 1278 818 1343 ei
850 1279 1042 1357 excubabat,
1077 1285 1214 1364 stupens
1248 1280 1477 1366 interrogabat

419 1392 534 1448 utrum
564 1381 720 1467 loquendi
743 1380 935 1446 facultatem
965 1380 1146 1467 recepisset,
1170 1381 1370 1466 audiensque
1394 1383 1479 1466 quia

422 1486 610 1570 loqueretur
632 1483 793 1568 expedite,
817 1482 854 1545 in
884 1481 997 1547 laudes
1028 1482 1184 1567 martyris
1216 1483 1326 1567 erupit
1356 1483 1477 1568 lingua

422 1594 577 1651 materna.
640 1583 808 1670 Peregrini
835 1604 913 1648 vero
945 1582 1094 1661 littorati,
1117 1584 1175 1668 qui
1208 1583 1318 1668 plures
1348 1583 1478 1669 pariter

422 1691 650 1763 convenerant,
689 1684 813 1769 pariter
856 1684 1073 1761 excubabant,
1111 1685 1182 1749 sine
1221 1684 1477 1751 denuntiatione

422 1789 571 1855 miraculi
602 1788 759 1853 faetorem
790 1785 943 1851 miraculi
976 1785 1186 1871 magnificare
1212 1792 1391 1871 coeperunt
1417 1787 1475 1853 de-

424 1897 595 1959 cantantes
622 1890 786 1975 hymnum
808 1888 866 1973 qui
898 1887 935 1951 in
968 1886 1157 1972 hujusmodi
1180 1888 1348 1955 decantari
1380 1888 1475 1954 solet.

423 1994 554 2059 Fratres
572 1993 644 2078 jam
666 1996 862 2057 nocturnam
893 1989 1049 2074 synaxim
1072 1990 1115 2055 ad
1138 1990 1278 2055 eundem
1308 1989 1477 2074 hymnum

425 2096 630 2160 deduxerant
642 2116 650 2171 ;
680 2097 714 2156 et
737 2091 900 2155 divinitus
930 2095 1141 2175 procuratum
1171 2094 1283 2154 estut
1313 2090 1392 2156 hino
1412 2090 1475 2175 qui

422 2194 616 2260 miraculum
650 2192 800 2271 faciebat,
823 2193 901 2257 inde
931 2214 990 2277 per
1016 2213 1114 2276 quem
1136 2191 1330 2258 miraculum
1360 2192 1476 2271 fiebat,

422 2296 695 2384 magmificaretur.

424 2534 526 2617 (116.)
557 2531 604 2597 De
633 2529 753 2613 juvene
782 2527 886 2594 auerte
916 2534 945 2593 et
974 2527 1161 2604 nantoani
1185 2527 1395 2614 possibilitas
1426 2528 1476 2595 lo-

655 2629 792 2716 qaeadi,
816 2651 887 2696 noa
909 2635 1011 2707 actus,
1035 2628 1157 2696 collecta
1178 2636 1230 2696 cst.

350 2796 358 2827 ι
467 2770 717 2836 Adolescentem
755 2768 891 2833 surdum
929 2773 964 2833 et
998 2772 1130 2832 mutum
1163 2788 1185 2833 a
1216 2767 1395 2833 nativitate
1431 2768 1476 2835 de

279 2861 349 2959 Ἥ
360 2947 367 2971 ,
422 2874 568 2937 Pruvino
595 2871 793 2948 venientem,
816 2875 948 2954 martyr
978 2876 1092 2935 noster
1121 2868 1158 2932 in
1188 2869 1478 2935 benedictionibus

350 3042 355 3054 ,
422 2976 591 3062 praevenit
654 2972 743 3039 Nam
757 2970 1021 3056 'possibilitatem
1045 2971 1075 3035 ei
1098 2969 1253 3054 loquendi
1275 2970 1417 3036 contulit
1439 2976 1479 3037 et

329 3060 371 3169 :¹⁸
419 3077 588 3144 vinculam
610 3076 734 3161 lingua
757 3073 865 3138 solvit.
921 3071 992 3149 ille,
1015 3073 1101 3138 sieut
1122 3093 1205 3157 puer
1227 3072 1321 3137 bonae
1343 3072 1477 3152 indolis,

343 3191 393 3223 ⁸0
420 3179 574 3266 quamvis
600 3177 707 3244 obiter
730 3175 858 3240 itineris
889 3174 941 3239 sui
972 3195 1104 3241 causam
1133 3179 1326 3239 consecutus
1356 3181 1416 3253 est,
1439 3180 1478 3241 et

253 3325 261 3355 ι
367 3260 373 3275 ⁸
419 3281 558 3348 arbitrio
582 3278 769 3345 revertendi
792 3277 1042 3361 relinqueretur,
1057 3276 1122 3341 iter
1142 3275 1311 3361 inceptum
1334 3275 1378 3341 ad
1399 3297 1475 3362 gra-

252 3390 265 3421 '¹
297 3390 311 3423 ‘²
336 3390 353 3422 ¹·
420 3384 486 3448 tias
520 3403 624 3466 usque
658 3383 851 3465 prosecutus
884 3382 943 3455 est,
975 3384 1010 3442 et
1041 3376 1077 3440 in
1110 3376 1319 3463 longitudine
1353 3378 1477 3444 laboris

422 3482 652 3569 aequanimiter
667 3481 790 3544 durans
812 3478 970 3564 majorem
989 3479 1131 3564 gratiam
1150 3478 1344 3543 merebatur.
1383 3480 1475 3548 Nam

421 3608 496 3654 eum
527 3581 746 3668 possibilitate
776 3579 932 3664 loquendi
955 3580 1055 3644 etiam
1078 3584 1189 3646 actum
1219 3580 1375 3666 loquendi
1404 3605 1476 3650 non

422 3689 599 3772 acceperat,
630 3684 688 3748 sed
722 3685 794 3746 erat
827 3681 929 3758 rudis,
960 3681 1088 3746 nescius
1120 3682 1242 3767 linguae
1272 3705 1371 3768 quam
1404 3707 1475 3750 non

423 3789 581 3864 andierat,
613 3791 647 3850 et
677 3790 837 3868 tanquam
863 3781 974 3846 bimus
1004 3787 1064 3848 aut
1094 3783 1211 3847 trimus
1245 3785 1352 3869 prima
1381 3787 1474 3853 rudi-

423 3898 536 3958 menta
559 3889 724 3955 doeendus
746 3884 905 3951 infantiae.

424 4116 525 4203 (117.)
550 4116 597 4182 De
613 4114 737 4200 juvene
760 4132 867 4200 quera,
890 4109 976 4197 quie
998 4130 1070 4175 non
1092 4107 1297 4196 loquebatur,
1312 4108 1478 4178 anaema

763 4236 847 4280 setus
869 4207 1134 4279 calcarat-itaet!

252 4356 341 4423 fleury
354 4358 384 4407 οῖ
467 4356 562 4432 Raro,
587 4352 673 4419 sicut
696 4344 842 4416 dicitur²
863 4347 900 4413 in
925 4344 1106 4431 proverbio,
1129 4349 1224 4409 muto
1246 4349 1334 4409 terra
1357 4344 1456 4408 datur
1468 4369 1477 4425 ;

252 4424 378 4474 Deux-Ju

253 4505 354 4552 meaux,
368 4488 394 4538 in

423 4457 480 4522 sed
518 4463 553 4520 ot
588 4476 662 4520 raro
696 4449 861 4536 contingit
897 4452 1029 4512 mutum
1068 4452 1203 4533 propter
1236 4445 1476 4511 exuberantem

457 4651 465 4684 ¹
483 4649 648 4711 exheredavit,
659 4648 716 4701 MS.
940 4644 944 4711 Ι
993 4642 1004 4675 ²
1020 4641 1159 4693 Interlined
1170 4641 1196 4692 in
1207 4642 1263 4693 MS.
