3316 6240
234 1257 377 1341 amru]
438 1272 597 1322 lucrosa
620 1271 800 1320 wruuuuno
823 1269 1087 1319 enumeramus.
1226 1255 1290 1317 359

234 1461 470 1525 restitueretur.
528 1460 728 1526 Procedente
762 1465 917 1544 tempore,
950 1480 1024 1523 cum
1053 1457 1124 1543 jam
1155 1457 1290 1521 adultus

234 1566 436 1647 quaereretur
456 1562 501 1626 ad
523 1562 741 1639 castrandum,
762 1559 912 1646 aufirgit;
933 1558 1156 1644 fratribusque
1180 1579 1289 1623 emen-

233 1664 349 1729 tulatis
372 1664 460 1729 solus
483 1664 627 1729 inveniri
654 1686 722 1729 non
751 1663 870 1748 potuit.
917 1661 1113 1747 Intelligens
1136 1660 1289 1725 dominus

234 1766 313 1851 quia
343 1766 501 1832 beneficio
535 1766 692 1851 martyris
724 1786 780 1830 sus
813 1763 877 1829 sibi
911 1763 1072 1840 latuisset,
1107 1768 1146 1827 ut
1177 1785 1288 1827 semen

233 1891 276 1933 ex
308 1890 346 1933 eo
378 1875 572 1945 servaretur,
595 1869 652 1944 ait
688 1866 888 1947 “Quamdiu
926 1865 1011 1929 mihi
1056 1865 1190 1929 verres¹
1224 1866 1288 1930 iste

234 1976 436 2055 “superstes
463 1971 536 2050 erit,
560 1970 687 2035 confido
717 1970 796 2053 quia
826 1984 998 2054 porcorum
1014 1962 1176 2031 ‘meorum
1205 1990 1287 2052 grex

233 2079 249 2106 “
272 2072 554 2158 multiplicabitur,
571 2094 631 2137 nec
646 2072 748 2157 pestis
764 2071 801 2134 in
816 2090 854 2134 eo
869 2068 1099 2155 grassabitur·.''
1142 2068 1286 2133 Veniens

132 2211 135 2217 ·
203 2172 344 2258 'itaque
367 2175 409 2239 ad
441 2175 625 2240 orationem
657 2196 732 2239 cum
766 2173 941 2258 praecipuis
972 2172 1088 2237 domus
1111 2193 1187 2247 suae,
1219 2172 1286 2235 suis

231 2276 483 2341 aestimationem
514 2275 643 2352 obtulit,
667 2275 864 2361 promittens
883 2275 984 2359 juxta
1007 2274 1075 2338 suis
1105 2275 1285 2339 incremen-

149 2436 152 2441 .
229 2382 302 2442 tum
326 2377 400 2443 tot8
421 2379 518 2443 annis
541 2377 770 2444 aestimationis
793 2375 964 2441 auxilium.

517 2591 596 2674 (48.)
621 2591 669 2655 Dc
692 2612 807 2655 (ansere
829 2589 995 2655 suscitato.

276 2747 391 2812 Simile
429 2747 570 2833 contigit
609 2748 644 2811 in
682 2748 851 2812 territerio
889 2747 1140 2812 Dorobemensi.
1197 2747 1284 2812 Nam
1299 2757 1434 2824 Agandei

229 2849 318 2934 apud
357 2849 522 2934 quendam
559 2869 655 2912 anser
692 2849 844 2927 interiit;
868 2871 965 2934 quem
998 2849 1129 2934 parvuli
1153 2848 1223 2933 ejus
1250 2829 1450 2943 infff‘olssfffrw

230 2950 345 3014 ludum
370 2951 432 3014 sibi
468 2955 674 3014 assumentes
709 2950 793 3015 eolla
819 2950 1013 3036 languentia
1036 2951 1287 3035 distorquebant
1300 2958 1407 3010 canter-

230 3057 265 3117 et
288 3052 448 3137 pennulas
471 3051 664 3116 evellebant.
712 3051 795 3117 Haec
830 3058 864 3116 et
894 3052 1083 3136 hujusmodi
1107 3073 1166 3137 pro
1192 3059 1286 3117 motu
1299 3026 1371 3090 bury.

230 3154 375 3219 lasciviae
407 3154 544 3240 puerilis
576 3154 774 3218 facientibus
804 3176 879 3219 curn
921 3155 1056 3218 tandem
1094 3155 1286 3241 preciperet

231 3256 467 3341 paterfamilias
490 3262 529 3320 ut
551 3257 761 3321 morticinum
793 3257 1006 3341 projiceretur
1028 3279 1049 3321 a
1071 3258 1175 3335 domo,
1199 3281 1285 3322 unus

231 3380 273 3422 ex
311 3358 461 3443 parvulis
492 3358 688 3434 exclamans,
714 3368 730 3393 “
740 3359 818 3423 Non
850 3358 1085 3444 projiciernus,'’
1101 3360 1173 3436 'ait
1201 3362 1284 3425 “sed

232 3467 248 3493 ‘⁴
271 3465 384 3525 sancto
407 3459 541 3524 Thomae
564 3460 758 3524 vorabimus
790 3482 873 3524 eum.
920 3461 1119 3525 Audivimus
1142 3483 1283 3547 namque

232 3548 248 3597 3‘
272 3563 360 3647 quod
398 3561 506 3626 brutis
544 3561 646 3626 etiam
678 3562 804 3627 confert
841 3563 983 3648 gratiam
1018 3560 1137 3629 suam.’'
1200 3565 1284 3630 Cum

231 3664 344 3750 itaque
379 3664 506 3729 ludere
526 3672 715 3741 cessassent,
748 3667 810 3729 sub
842 3687 1011 3731 scamnum
1043 3667 1182 3732 cadaver
1212 3690 1284 3753 pro-

224 3767 379 3852 jicientes
403 3767 608 3832 dimiserunt.
656 3767 739 3848 Quis
771 3769 877 3833 credit
906 3769 1038 3834 auditui
1061 3775 1201 3834 nostro?
1249 3771 1286 3834 Si

229 3890 297 3933 non
313 3869 433 3954 Apella
455 3868 478 3932 J
478 3869 602 3944 udaeus
627 3870 655 3933 si
671 3891 738 3933 non
754 3871 848 3936 vario
862 3871 997 3956 gentilis
1014 3893 1121 3936 errore
1144 3871 1284 3948 delusus,

229 3971 282 4036 vel
306 3971 419 4036 credat
442 3970 548 4035 fidelis
570 3970 626 4036 cui
657 3971 829 4037 brachium
852 3973 986 4037 Domini
1019 3973 1202 4037 revelatum
1227 3979 1285 4038 est.

230 4073 370 4138 Factum
386 4078 436 4138 est
458 4094 601 4158 namque
624 4073 756 4160 signum
780 4075 917 4161 insigne,
934 4082 974 4139 ut
996 4097 1108 4140 exere
1132 4076 1285 4161 parvulo-

229 4196 304 4238 rum
327 4176 401 4241 laus
432 4174 652 4259 perficeretur.
700 4176 786 4241 Cum
820 4177 917 4255 enim,
941 4183 980 4242 ut
1004 4178 1049 4254 fit,
1074 4199 1204 4242 anseres
1228 4178 1286 4242 alii

229 4277 368 4362 ingressi
404 4275 538 4340 domurn
588 4277 867 4363 interstreperent‚
908 4278 1009 4364 coepit
1056 4279 1114 4362 qui
1152 4286 1285 4345 evectus

231 4378 342 4442 fuerat
365 4383 537 4463 astrepere,
562 4384 596 4443 et
618 4385 789 4465 tamquam
813 4381 956 4466 strepitu
978 4380 1118 4445 fratrum
1142 4402 1284 4459 suorum,

230 4480 301 4545 sive
323 4480 434 4567 potius
457 4500 536 4544 voce
560 4480 664 4565 patris
680 4482 733 4547 cui
749 4482 944 4558 verebatur,
961 4482 1125 4547 excitatus
1141 4482 1284 4560 emicuit,

229 4581 456 4667 applausuque
488 4602 608 4666 magno
639 4584 732 4670 gregi
766 4605 825 4649 suo
860 4583 1039 4649 associatus
1074 4589 1130 4648 est.
1178 4583 1285 4647 Testis

231 4688 282 4747 est
304 4674 357 4746 sir
380 4682 470 4769 apud
494 4704 592 4768 quem
627 4684 670 4749 ab
703 4706 766 4750 ovo
798 4707 894 4751 anser
928 4686 1066 4750 eductus
1101 4690 1170 4762 est;
1201 4690 1286 4750 teate

231 4784 440 4870 sepulchrum
463 4786 628 4870 martyria,
652 4787 695 4851 ad
725 4788 815 4873 quod
844 4788 965 4853 allatus
995 4794 1065 4866 est;
1096 4792 1196 4852 testes
1218 4788 1286 4851 viri

230 4888 356 4963 fratrea,
380 4887 543 4972 aquibus
566 4896 737 4976 susceptus
758 4896 810 4955 est
831 4896 867 4955 ct
890 4895 1059 4956 comestus,

264 5081 458 5142 ¹aerraa,MS.
783 5083 925 5134 correction
945 5083 970 5132 in
989 5083 1047 5134 MS.
1082 5084 1197 5149 Perhaps
1217 5094 1287 5150 quet-

263 5159 274 5192 2
292 5167 327 5210 tot
344 5158 443 5210 written
458 5158 485 5210 in
496 5177 512 5210 a
521 5160 588 5211 later
597 5161 668 5211 hand
679 5178 735 5212 aaa
782 5164 862 5212 anais.
