3316 6240
405 783 469 847 332
738 793 917 844 minaeum
939 794 964 843 s⁴
988 794 1126 855 ruoun,
1310 782 1389 867 [nn.
1407 799 1451 847 n.

403 992 454 1051 eet
475 986 522 1050 ibi
553 982 663 1051 labore
685 984 744 1047 ubi
767 984 909 1048 nmltum
940 984 1067 1049 fruetus
1090 986 1262 1070 provenire
1293 994 1451 1073 speratur.

404 1088 440 1152 Si
472 1088 559 1153 enim
589 1091 761 1171 tantopere
796 1087 921 1151 sanitae
959 1086 1101 1171 eorporis
1135 1072 1331 1165 elaboratur,
1364 1092 1452 1174 quod

402 1188 495 1254 nulla
520 1189 702 1253 stabilitate
734 1188 893 1264 suboistit,
916 1187 975 1251 sed
1006 1194 1056 1251 eet
1088 1188 1174 1252 eieut
1205 1188 1340 1265 frenum,
1364 1193 1451 1275 quod

402 1291 499 1355 hodie
522 1291 617 1355 floret
639 1296 674 1354 et
696 1311 766 1354 erae
780 1290 816 1352 in
839 1290 1003 1353 clibanum
1029 1289 1183 1366 mittitur,
1200 1298 1325 1374 quanto
1349 1295 1452 1378 magis

402 1394 514 1460 anima
528 1392 703 1477 vigilantia
724 1391 844 1456 laboris
860 1392 995 1475 indiget,
1012 1396 1051 1454 ut
1073 1392 1102 1454 ei
1127 1391 1215 1456 salus
1230 1395 1451 1477 provideatur,

402 1518 477 1583 qum
499 1518 566 1561 non
596 1495 638 1559 ad
661 1494 775 1559 horam
807 1494 922 1557 sedin
954 1500 1148 1580 perpetuum
1180 1500 1318 1560 manet?
1365 1498 1451 1562 Nam

404 1601 431 1663 si
455 1605 605 1664 servatur
626 1599 745 1672 anima,
769 1603 920 1661 seruatur
942 1602 977 1660 et
998 1618 1135 1681 eorpue3
1157 1604 1191 1661 et
1213 1599 1239 1661 si
1264 1599 1452 1685 negligitur,

402 1702 583 1787 negligitur
616 1708 651 1765 et
673 1721 796 1785 eorpua
844 1700 983 1785 Oportet
1015 1701 1104 1763 enim
1130 1722 1201 1765 eam
1235 1723 1294 1765 auo
1318 1704 1451 1788 corpori,

404 1804 491 1890 quod
528 1810 602 1889 post
634 1803 875 1888 corruptionem
907 1803 1128 1877 suscitabitur,
1167 1804 1301 1881 couniri,
1335 1812 1373 1868 ut
1410 1828 1452 1869 ex

403 1909 473 1992 ejus
496 1907 621 1972 mentis
643 1913 822 1992 utrumque
852 1906 951 1971 simul
973 1905 1026 1971 vel
1050 1906 1225 1973 damnetur
1254 1907 1308 1972 vel
1330 1907 1452 1994 glorifi-

402 2014 501 2077 cetur.

424 2218 504 2303 (20.)
529 2218 576 2284 De
598 2216 729 2283 <tratas
750 2218 896 2304 leprosis,
920 2216 993 2282 olio
1014 2217 1208 2295 elementato,
1232 2216 1302 2283 olio
1325 2224 1437 2285 turma-

857 2318 1003 2385 roorirro.

235 2410 322 2463 Galen.
335 2412 367 2462 de
717 2454 724 2467 ,
799 2453 806 2466 ,
926 2453 932 2466 ,
1113 2453 1120 2466 ,
1149 2453 1155 2465 ,
1200 2452 1206 2466 ,
1296 2453 1303 2465 ‚

234 2478 325 2541 Simpr.
448 2453 682 2539 “Nunquarn,'’
715 2459 825 2537 mqurt
860 2452 1025 2529 Galrenue,
1061 2453 1158 2515 “mdr
1198 2473 1231 2515 m
1271 2458 1343 2517 rita
1380 2474 1453 2517 mea

235 2545 382 2661 {ffefffffflg
403 2566 419 2591 ‘¹
441 2556 605 2621 hominem
630 2579 651 2620 a
677 2557 767 2641 lepra
796 2555 941 2640 [denarie
974 2561 1135 2631 sanatum,
1158 2556 1222 2618 nisi
1255 2556 1312 2640 qui
1337 2556 1452 2619 vinum

234 2649 420 2739 p.'31'e‚'0u'“
443 2659 563 2722 biberit
594 2660 650 2723 ubi
681 2656 790 2743 tyria¹
814 2658 966 2722 inciderit
989 2663 1023 2721 et
1055 2658 1175 2722 ibidem
1207 2659 1450 2742 eomputnrerit.

234 2744 389 2875 {ssffijgtfflh
404 2770 419 2794 “
443 2760 543 2824 Hune
574 2760 661 2823 enim
693 2760 763 2823 vidi
796 2759 987 2825 excortieari
1012 2766 1045 2823 et
1071 2766 1146 2825 oute
1170 2761 1344 2845 exspoliari
1377 2782 1450 2825 oum

234 2878 326 2937 ment).
404 2872 420 2897 “
443 2862 559 2927 vinum
583 2862 665 2927 illud
700 2862 853 2926 biberet?
912 2862 982 2925 Noe
1016 2884 1093 2925 vero
1116 2863 1261 2926 vidimus
1294 2863 1375 2927 duos
1408 2863 1451 2927 ad

234 2955 376 3072 3³¹5?er
402 2986 544 3050 unguem
573 2964 748 3027 numdatoe
779 2984 838 3027 nee
868 2964 998 3047 signum
1030 2963 1129 3048 leprru
1159 2969 1371 3037 resen-’antea
1394 2964 1451 3048 qui

320 3036 350 3086 pe
377 3059 469 3131 ‘non
506 3066 598 3131 aliud
636 3065 837 3130 medicamen
877 3070 1070 3150 acceperant
1114 3088 1212 3151 (uram
1255 3088 1374 3150 aquam
1418 3072 1452 3129 et

281 3184 289 3209 ¹
402 3168 596 3254 sanguinem
619 3168 793 3252 martyn'ru
816 3188 954 3251 quorum
986 3166 1070 3230 alter
1093 3167 1219 3231 diutius
1249 3168 1334 3232 eirea
1364 3175 1450 3231 tum-

401 3270 477 3336 bam
501 3270 646 3355 ejusdem
674 3269 830 3353 martyris
862 3269 1124 3344 convemabatur,
1149 3270 1247 3333 edens
1270 3275 1304 3334 et
1336 3269 1452 3333 liberm

402 3392 476 3457 (111ae
499 3370 588 3455 apud
611 3392 669 3435 nos
693 3375 795 3445 erant,
822 3368 983 3435 Ricardue
1006 3370 1145 3439 nomine,
1169 3377 1203 3434 et
1226 3375 1297 3434 erat
1327 3376 1450 3455 speeta-

235 3528 341 3593 (abblin
401 3471 512 3538 culum
541 3471 680 3557 legibue,
705 3470 887 3546 comitibus,
911 3470 1075 3556 indigenis
1098 3476 1132 3535 et
1164 3471 1356 3557 alienigenis
1379 3494 1451 3537 ora-

234 3598 301 3655 hem,
315 3546 376 3647 nei}
401 3581 473 3641 tuln
508 3575 724 3639 venientibuo.
775 3573 926 3637 Alterum
959 3595 1037 3639 vero
1070 3576 1232 3659 quendam
1266 3575 1450 3662 Hugonem,

234 3662 380 3725 smmi)
401 3677 441 3742 de
477 3678 548 3744 vieo
587 3675 870 3761 Hemlrlenguiem,
905 3675 997 3759 quad
1043 3675 1228 3758 quindecim
1273 3676 1388 3740 stadiis
1430 3699 1451 3743 a

400 3782 473 3849 vieo
492 3780 611 3868 grandi
631 3780 776 3843 distante
796 3800 893 3863 quem
912 3778 1044 3841 nomino
1065 3778 1254 3843 confessoris
1271 3780 1449 3844 Audomari

400 3884 520 3970 uulgus
551 3882 704 3967 appellat,
732 3882 893 3966 leprosum
922 3880 1066 3943 vidimus¹
1086 3886 1120 3945 et
1143 3887 1294 3945 sanatum
1317 3903 1336 3945 a
1357 3882 1450 3946 uobis

400 3985 593 4057 dimisimua
615 3989 784 4048 mouentes
804 3990 842 4047 ut
860 3983 1116 4069 negotiationem
1135 4005 1227 4048 suam
1247 3984 1317 4048 sine
1336 3983 1451 4049 liaude

399 4092 648 4175 prosequeretur
673 4088 756 4169 (orat
783 4086 869 4149 enim
894 4087 1074 4170 mereator),
1099 4085 1217 4149 velex
1249 4092 1319 4150 toto
1352 4107 1450 4172 nego·

400 4190 531 4255 tiationi
556 4188 766 4253 renuntiaret.
811 4186 897 4251 Nam
914 4189 956 4253 ad
979 4188 1078 4253 aliam
1097 4188 1317 4253 conditionem
1336 4188 1450 4253 hones-

399 4293 515 4357 tiorem
547 4290 627 4353 satis
653 4289 797 4353 hahebat
819 4289 968 4353 idoneam
1001 4311 1179 4375 personam,
1203 4296 1237 4353 et
1269 4291 1356 4354 vireu
1382 4313 1450 4356 eor-

435 4488 442 4518 ¹
460 4488 524 4537 This
542 4502 623 4536 seems
635 4493 662 4534 to
673 4486 704 4535 lu·
717 4485 819 4535 derived
840 4488 903 4535 from
924 4494 927 4549 ξ
949 4486 1054 4548 toleras.
1066 4490 1115 4537 ond
1133 4496 1158 4537 at
1176 4505 1200 4551 p.
1217 4493 1263 4539 175
1288 4504 1326 4537 ue
1343 4490 1396 4537 find
1414 4497 1452 4552 ty-

401 4569 490 4630 θηρίον,
501 4569 550 4616 and
566 4576 593 4615 to
609 4582 682 4616 metm
704 4583 719 4615 u
735 4568 811 4629 viper,
830 4584 858 4616 uo
878 4567 903 4615 in
924 4556 927 4627 l
949 4567 1019 4615 riaro
1033 4568 1073 4615 lor
1084 4567 1204 4616 tleriuro.
1238 4568 1269 4616 ln
1287 4567 1330 4616 the
1346 4582 1451 4631 passage

399 4648 442 4697 tlre
471 4646 650 4696 elaseilicution
678 4646 710 4695 ol'
740 4649 849 4709 leprosy,
879 4663 903 4709 p.
924 4638 928 4713 ξ
949 4645 981 4693 of
995 4646 1077 4695 Galen
1095 4646 1162 4695 eited
1180 4646 1207 4694 in
1226 4647 1269 4696 the
1287 4647 1395 4710 margin,
1407 4647 1451 4696 the

399 4731 457 4785 333,
485 4726 551 4787 tyrio
580 4724 601 4773 is
631 4724 674 4775 the
708 4724 848 4789 equivalent
876 4724 906 4776 of
950 4726 1019 4774 word
1031 4724 1052 4773 is
1065 4722 1158 4787 ἔχιδνα.
