<?xml version="1.0" encoding="UTF-8"?>
<!DOCTYPE html PUBLIC "-//W3C//DTD XHTML 1.0 Transitional//EN"
    "http://www.w3.org/TR/xhtml1/DTD/xhtml1-transitional.dtd">
<html xmlns="http://www.w3.org/1999/xhtml" xml:lang="en" lang="en">
 <head>
  <title>
</title>
<meta http-equiv="Content-Type" content="text/html;charset=utf-8" />
  <meta name='ocr-system' content='tesseract 3.04.00' />
  <meta name='ocr-capabilities' content='ocr_page ocr_carea ocr_par ocr_line ocrx_word'/>
</head>
<body>
  <div class='ocr_page' id='page_1' title='image "./materialsforhis01robegoog_0305.png"; bbox 0 0 3316 6240; ppageno 0'>
   <div class='ocr_carea' id='block_1_1' title="bbox 89 1468 351 1521">
    <p class='ocr_par' dir='ltr' id='par_1_1' title="bbox 89 1468 351 1521">
     <span class='ocr_line' id='line_1_1' title="bbox 89 1468 351 1521; baseline 0.008 -2"><span class='ocrx_word' id='word_1_1' title='bbox 89 1470 92 1477; x_wconf 93' lang='lat'>&#39;</span> <span class='ocrx_word' id='word_1_2' title='bbox 199 1468 230 1520; x_wconf 77' lang='lat' dir='ltr'>os</span> <span class='ocrx_word' id='word_1_3' title='bbox 263 1470 351 1521; x_wconf 81' lang='lat' dir='ltr'>bornae</span> 
     </span>
    </p>
   </div>
   <div class='ocr_carea' id='block_1_2' title="bbox 355 735 1414 816">
    <p class='ocr_par' dir='ltr' id='par_1_2' title="bbox 355 735 1414 816">
     <span class='ocr_line' id='line_1_2' title="bbox 355 735 1414 816; baseline -0.009 -15"><span class='ocrx_word' id='word_1_4' title='bbox 355 740 429 801; x_wconf 78' lang='lat'>—258</span> <span class='ocrx_word' id='word_1_5' title='bbox 699 750 877 799; x_wconf 73' lang='lat' dir='ltr'>sirmeum</span> <span class='ocrx_word' id='word_1_6' title='bbox 900 752 925 798; x_wconf 88' lang='lat' dir='ltr'>s.</span> <span class='ocrx_word' id='word_1_7' title='bbox 948 749 1085 807; x_wconf 78' lang='lat' dir='ltr'>rusum,</span> <span class='ocrx_word' id='word_1_8' title='bbox 1262 735 1340 816; x_wconf 79' lang='lat' dir='ltr'>[rm.</span> <span class='ocrx_word' id='word_1_9' title='bbox 1366 751 1414 798; x_wconf 85' lang='lat' dir='ltr'>m.</span> 
     </span>
    </p>
   </div>
   <div class='ocr_carea' id='block_1_3' title="bbox 397 964 1393 1054">
    <p class='ocr_par' dir='ltr' id='par_1_3' title="bbox 397 964 1393 1054">
     <span class='ocr_line' id='line_1_3' title="bbox 397 964 1393 1054; baseline -0.003 -21"><span class='ocrx_word' id='word_1_10' title='bbox 397 966 454 1053; x_wconf 88' lang='lat'>(3.)</span> <span class='ocrx_word' id='word_1_11' title='bbox 478 967 526 1033; x_wconf 86' lang='lat' dir='ltr'>De</span> <span class='ocrx_word' id='word_1_12' title='bbox 543 964 664 1053; x_wconf 79' lang='lat' dir='ltr'>puelle</span> <span class='ocrx_word' id='word_1_13' title='bbox 686 988 761 1053; x_wconf 73' lang='lat' dir='ltr'>quea</span> <span class='ocrx_word' id='word_1_14' title='bbox 782 988 815 1032; x_wconf 84' lang='lat' dir='ltr'>sc</span> <span class='ocrx_word' id='word_1_15' title='bbox 832 965 1044 1054; x_wconf 60' lang='lat' dir='ltr'>prespitero</span> <span class='ocrx_word' id='word_1_16' title='bbox 1065 964 1158 1032; x_wconf 81' lang='lat' dir='ltr'>dedit</span> <span class='ocrx_word' id='word_1_17' title='bbox 1179 964 1222 1031; x_wconf 71' lang='lat' dir='ltr'>a</span> <span class='ocrx_word' id='word_1_18' title='bbox 1239 972 1393 1053; x_wconf 74' lang='lat' dir='ltr'>patema.</span> 
     </span>
    </p>
   </div>
   <div class='ocr_carea' id='block_1_4' title="bbox 199 1116 1416 1411">
    <p class='ocr_par' dir='ltr' id='par_1_4' title="bbox 199 1116 1416 1411">
     <span class='ocr_line' id='line_1_4' title="bbox 199 1116 1416 1203; baseline -0.004 -17"><span class='ocrx_word' id='word_1_19' title='bbox 199 1126 297 1203; x_wconf 64' lang='lat' dir='ltr'>Benea</span> <span class='ocrx_word' id='word_1_20' title='bbox 410 1119 452 1184; x_wconf 94' lang='lat' dir='ltr'>In</span> <span class='ocrx_word' id='word_1_21' title='bbox 474 1119 578 1185; x_wconf 85' lang='lat' dir='ltr'>fundo</span> <span class='ocrx_word' id='word_1_22' title='bbox 612 1119 754 1203; x_wconf 84' lang='lat' dir='ltr'>quodam</span> <span class='ocrx_word' id='word_1_23' title='bbox 777 1116 1026 1184; x_wconf 82' lang='lat' dir='ltr'>Cantuariensis</span> <span class='ocrx_word' id='word_1_24' title='bbox 1060 1117 1203 1185; x_wconf 89' lang='lat' dir='ltr'>ecclesiae</span> <span class='ocrx_word' id='word_1_25' title='bbox 1236 1117 1330 1184; x_wconf 90' lang='lat' dir='ltr'>vicus</span> <span class='ocrx_word' id='word_1_26' title='bbox 1364 1123 1416 1181; x_wconf 88' lang='lat' dir='ltr'>est</span> 
     </span>
     <span class='ocr_line' id='line_1_5' title="bbox 199 1192 1416 1307; baseline -0.005 -19"><span class='ocrx_word' id='word_1_27' title='bbox 199 1192 295 1307; x_wconf 36' lang='lat' dir='ltr'>{fill</span> <span class='ocrx_word' id='word_1_28' title='bbox 366 1221 476 1288; x_wconf 88' lang='lat' dir='ltr'>dictus</span> <span class='ocrx_word' id='word_1_29' title='bbox 491 1220 634 1307; x_wconf 83' lang='lat' dir='ltr'>Anglica</span> <span class='ocrx_word' id='word_1_30' title='bbox 649 1221 765 1306; x_wconf 79' lang='lat' dir='ltr'>lingua</span> <span class='ocrx_word' id='word_1_31' title='bbox 780 1220 889 1297; x_wconf 87' lang='lat' dir='ltr'>Yfeld,</span> <span class='ocrx_word' id='word_1_32' title='bbox 904 1241 969 1306; x_wconf 91' lang='lat' dir='ltr'>quo</span> <span class='ocrx_word' id='word_1_33' title='bbox 991 1243 1042 1285; x_wconf 87' lang='lat' dir='ltr'>res</span> <span class='ocrx_word' id='word_1_34' title='bbox 1057 1220 1253 1285; x_wconf 88' lang='lat' dir='ltr'>admiranda</span> <span class='ocrx_word' id='word_1_35' title='bbox 1267 1220 1416 1304; x_wconf 86' lang='lat' dir='ltr'>contigit,</span> 
     </span>
     <span class='ocr_line' id='line_1_6' title="bbox 200 1321 1416 1411; baseline -0.006 -20"><span class='ocrx_word' id='word_1_36' title='bbox 200 1336 314 1399; x_wconf 71' lang='lat' dir='ltr'>suarna,</span> <span class='ocrx_word' id='word_1_37' title='bbox 366 1323 468 1411; x_wconf 85' lang='lat' dir='ltr'>digna</span> <span class='ocrx_word' id='word_1_38' title='bbox 504 1323 618 1389; x_wconf 87' lang='lat' dir='ltr'>relatu.</span> <span class='ocrx_word' id='word_1_39' title='bbox 675 1322 716 1385; x_wconf 90' lang='lat' dir='ltr'>In</span> <span class='ocrx_word' id='word_1_40' title='bbox 753 1323 850 1387; x_wconf 91' lang='lat' dir='ltr'>domo</span> <span class='ocrx_word' id='word_1_41' title='bbox 888 1343 1030 1407; x_wconf 87' lang='lat' dir='ltr'>namque</span> <span class='ocrx_word' id='word_1_42' title='bbox 1064 1322 1235 1408; x_wconf 85' lang='lat' dir='ltr'>cujusdam</span> <span class='ocrx_word' id='word_1_43' title='bbox 1272 1321 1416 1399; x_wconf 80' lang='lat' dir='ltr'>Thomas,</span> 
     </span>
    </p>
   </div>
   <div class='ocr_carea' id='block_1_5' title="bbox 268 1404 1420 1510">
    <p class='ocr_par' dir='ltr' id='par_1_5' title="bbox 268 1404 1420 1510">
     <span class='ocr_line' id='line_1_7' title="bbox 268 1404 1420 1510; baseline -0.003 -20"><span class='ocrx_word' id='word_1_44' title='bbox 268 1404 325 1455; x_wconf 66' lang='lat'>&#39;¹²⁰‘</span> <span class='ocrx_word' id='word_1_45' title='bbox 366 1425 432 1491; x_wconf 87' lang='lat' dir='ltr'>viri</span> <span class='ocrx_word' id='word_1_46' title='bbox 453 1444 522 1489; x_wconf 89' lang='lat' dir='ltr'>non</span> <span class='ocrx_word' id='word_1_47' title='bbox 544 1422 700 1510; x_wconf 87' lang='lat' dir='ltr'>ignobilis</span> <span class='ocrx_word' id='word_1_48' title='bbox 728 1424 908 1491; x_wconf 88' lang='lat' dir='ltr'>secundum</span> <span class='ocrx_word' id='word_1_49' title='bbox 939 1423 1105 1502; x_wconf 82' lang='lat' dir='ltr'>saeculum,</span> <span class='ocrx_word' id='word_1_50' title='bbox 1128 1425 1265 1490; x_wconf 89' lang='lat' dir='ltr'>absente</span> <span class='ocrx_word' id='word_1_51' title='bbox 1296 1422 1420 1488; x_wconf 59' lang='lat' dir='ltr'>matre?</span> 
     </span>
    </p>
   </div>
   <div class='ocr_carea' id='block_1_6' title="bbox 171 1523 1418 4356">
    <p class='ocr_par' dir='ltr' id='par_1_6' title="bbox 171 1523 1418 4356">
     <span class='ocr_line' id='line_1_8' title="bbox 171 1523 1416 1610; baseline 0.003 -25"><span class='ocrx_word' id='word_1_52' title='bbox 171 1532 174 1537; x_wconf 90' lang='lat'>&#39;</span> <span class='ocrx_word' id='word_1_53' title='bbox 201 1534 323 1599; x_wconf 78' lang='lat' dir='ltr'>ormeld,</span> <span class='ocrx_word' id='word_1_54' title='bbox 366 1524 520 1602; x_wconf 85' lang='lat' dir='ltr'>familias,</span> <span class='ocrx_word' id='word_1_55' title='bbox 543 1524 677 1601; x_wconf 85' lang='lat' dir='ltr'>familia,</span> <span class='ocrx_word' id='word_1_56' title='bbox 700 1524 787 1590; x_wconf 88' lang='lat' dir='ltr'>sieut</span> <span class='ocrx_word' id='word_1_57' title='bbox 817 1526 864 1603; x_wconf 90' lang='lat' dir='ltr'>fit,</span> <span class='ocrx_word' id='word_1_58' title='bbox 884 1523 1111 1608; x_wconf 86' lang='lat' dir='ltr'>jentaculum¹</span> <span class='ocrx_word' id='word_1_59' title='bbox 1133 1524 1292 1610; x_wconf 83' lang='lat' dir='ltr'>liguriens</span> <span class='ocrx_word' id='word_1_60' title='bbox 1323 1544 1416 1609; x_wconf 80' lang='lat' dir='ltr'>roga-</span> 
     </span>
     <span class='ocr_line' id='line_1_9' title="bbox 200 1601 1417 1718; baseline -0.002 -26"><span class='ocrx_word' id='word_1_61' title='bbox 200 1601 297 1718; x_wconf 55' lang='lat' dir='ltr'>m}</span> <span class='ocrx_word' id='word_1_62' title='bbox 367 1628 427 1693; x_wconf 91' lang='lat' dir='ltr'>bat</span> <span class='ocrx_word' id='word_1_63' title='bbox 448 1628 530 1692; x_wconf 87' lang='lat' dir='ltr'>duas</span> <span class='ocrx_word' id='word_1_64' title='bbox 544 1626 789 1691; x_wconf 85' lang='lat' dir='ltr'>filias-familias</span> <span class='ocrx_word' id='word_1_65' title='bbox 804 1612 934 1691; x_wconf 75' lang='lat' dir='ltr'>caseum</span> <span class='ocrx_word' id='word_1_66' title='bbox 956 1626 1020 1691; x_wconf 91' lang='lat' dir='ltr'>sibi</span> <span class='ocrx_word' id='word_1_67' title='bbox 1041 1627 1118 1693; x_wconf 87' lang='lat' dir='ltr'>dare</span> <span class='ocrx_word' id='word_1_68' title='bbox 1139 1628 1184 1693; x_wconf 87' lang='lat' dir='ltr'>ad</span> <span class='ocrx_word' id='word_1_69' title='bbox 1198 1626 1417 1694; x_wconf 90' lang='lat' dir='ltr'>condiendum</span> 
     </span>
     <span class='ocr_line' id='line_1_10' title="bbox 200 1728 1416 1816; baseline -0.004 -21"><span class='ocrx_word' id='word_1_70' title='bbox 200 1734 283 1783; x_wconf 75' lang='lat' dir='ltr'>intoa</span> <span class='ocrx_word' id='word_1_71' title='bbox 368 1750 495 1816; x_wconf 90' lang='lat' dir='ltr'>panem.</span> <span class='ocrx_word' id='word_1_72' title='bbox 542 1728 591 1794; x_wconf 89' lang='lat' dir='ltr'>Eo</span> <span class='ocrx_word' id='word_1_73' title='bbox 599 1729 886 1794; x_wconf 87' lang='lat' dir='ltr'>circumvenerunt</span> <span class='ocrx_word' id='word_1_74' title='bbox 899 1728 1159 1813; x_wconf 77' lang='lat' dir='ltr'>imprudentiam</span> <span class='ocrx_word' id='word_1_75' title='bbox 1175 1729 1312 1794; x_wconf 91' lang='lat' dir='ltr'>minoris</span> <span class='ocrx_word' id='word_1_76' title='bbox 1323 1733 1416 1803; x_wconf 87' lang='lat' dir='ltr'>natu,</span> 
     </span>
     <span class='ocr_line' id='line_1_11' title="bbox 200 1800 1416 1917; baseline -0.005 -19"><span class='ocrx_word' id='word_1_77' title='bbox 200 1800 324 1917; x_wconf 45' lang='lat' dir='ltr'>ilem?</span> <span class='ocrx_word' id='word_1_78' title='bbox 368 1831 506 1898; x_wconf 83' lang='lat' dir='ltr'>Salerna</span> <span class='ocrx_word' id='word_1_79' title='bbox 526 1830 694 1908; x_wconf 86' lang='lat' dir='ltr'>vocabulo,</span> <span class='ocrx_word' id='word_1_80' title='bbox 718 1852 793 1915; x_wconf 77' lang='lat' dir='ltr'>qum</span> <span class='ocrx_word' id='word_1_81' title='bbox 815 1830 964 1897; x_wconf 76' lang='lat' dir='ltr'><strong>clavibus</strong></span> <span class='ocrx_word' id='word_1_82' title='bbox 985 1832 1127 1917; x_wconf 86' lang='lat' dir='ltr'>acceptis</span> <span class='ocrx_word' id='word_1_83' title='bbox 1148 1832 1287 1897; x_wconf 74' lang='lat' dir='ltr'>licenter</span> <span class='ocrx_word' id='word_1_84' title='bbox 1308 1830 1416 1915; x_wconf 80' lang='lat' dir='ltr'>ingre-</span> 
     </span>
     <span class='ocr_line' id='line_1_12' title="bbox 210 1931 1417 2018; baseline -0.006 -18"><span class='ocrx_word' id='word_1_85' title='bbox 210 1954 214 1965; x_wconf 89' lang='lat'>·</span> <span class='ocrx_word' id='word_1_86' title='bbox 367 1934 521 1999; x_wconf 89' lang='lat' dir='ltr'>dicbatur</span> <span class='ocrx_word' id='word_1_87' title='bbox 534 1937 569 1998; x_wconf 91' lang='lat' dir='ltr'>et</span> <span class='ocrx_word' id='word_1_88' title='bbox 584 1931 813 2018; x_wconf 85' lang='lat' dir='ltr'>egrediebatur</span> <span class='ocrx_word' id='word_1_89' title='bbox 830 1933 1100 2017; x_wconf 75' lang='lat' dir='ltr'>promptuarium.</span> <span class='ocrx_word' id='word_1_90' title='bbox 1147 1933 1291 1998; x_wconf 78' lang='lat' dir='ltr'>Rediens</span> <span class='ocrx_word' id='word_1_91' title='bbox 1305 1936 1417 1996; x_wconf 89' lang='lat' dir='ltr'>autem</span> 
     </span>
     <span class='ocr_line' id='line_1_13' title="bbox 367 2033 1417 2101; baseline -0.005 0"><span class='ocrx_word' id='word_1_92' title='bbox 367 2036 501 2101; x_wconf 90' lang='lat' dir='ltr'>domum</span> <span class='ocrx_word' id='word_1_93' title='bbox 532 2033 779 2099; x_wconf 74' lang='lat' dir='ltr'>meceffamilias</span> <span class='ocrx_word' id='word_1_94' title='bbox 817 2055 990 2099; x_wconf 88' lang='lat' dir='ltr'>numerum</span> <span class='ocrx_word' id='word_1_95' title='bbox 1022 2056 1188 2100; x_wconf 84' lang='lat' dir='ltr'>caseorum</span> <span class='ocrx_word' id='word_1_96' title='bbox 1220 2055 1289 2100; x_wconf 93' lang='lat' dir='ltr'>non</span> <span class='ocrx_word' id='word_1_97' title='bbox 1324 2034 1417 2097; x_wconf 90' lang='lat' dir='ltr'>inve-</span> 
     </span>
     <span class='ocr_line' id='line_1_14' title="bbox 367 2134 1417 2219; baseline -0.004 -18"><span class='ocrx_word' id='word_1_98' title='bbox 367 2136 469 2213; x_wconf 90' lang='lat' dir='ltr'>niens,</span> <span class='ocrx_word' id='word_1_99' title='bbox 493 2135 648 2201; x_wconf 90' lang='lat' dir='ltr'>convenit</span> <span class='ocrx_word' id='word_1_100' title='bbox 670 2134 776 2213; x_wconf 80' lang='lat' dir='ltr'>filias3</span> <span class='ocrx_word' id='word_1_101' title='bbox 807 2134 926 2219; x_wconf 90' lang='lat' dir='ltr'>quibus</span> <span class='ocrx_word' id='word_1_102' title='bbox 955 2157 1025 2200; x_wconf 92' lang='lat' dir='ltr'>rem</span> <span class='ocrx_word' id='word_1_103' title='bbox 1047 2135 1207 2201; x_wconf 84' lang='lat' dir='ltr'>furtivam</span> <span class='ocrx_word' id='word_1_104' title='bbox 1240 2134 1417 2200; x_wconf 88' lang='lat' dir='ltr'>inficienti-</span> 
     </span>
     <span class='ocr_line' id='line_1_15' title="bbox 367 2235 1414 2323; baseline -0.004 -20"><span class='ocrx_word' id='word_1_105' title='bbox 367 2239 438 2315; x_wconf 89' lang='lat' dir='ltr'>bus,</span> <span class='ocrx_word' id='word_1_106' title='bbox 460 2237 620 2303; x_wconf 88' lang='lat' dir='ltr'>minorem</span> <span class='ocrx_word' id='word_1_107' title='bbox 653 2241 737 2301; x_wconf 83' lang='lat' dir='ltr'>natu</span> <span class='ocrx_word' id='word_1_108' title='bbox 768 2242 953 2323; x_wconf 86' lang='lat' dir='ltr'>suspectam</span> <span class='ocrx_word' id='word_1_109' title='bbox 986 2237 1118 2315; x_wconf 88' lang='lat' dir='ltr'>habens,</span> <span class='ocrx_word' id='word_1_110' title='bbox 1142 2238 1254 2323; x_wconf 79' lang='lat' dir='ltr'>flagris</span> <span class='ocrx_word' id='word_1_111' title='bbox 1287 2235 1414 2311; x_wconf 90' lang='lat' dir='ltr'>cecidit,</span> 
     </span>
     <span class='ocr_line' id='line_1_16' title="bbox 367 2336 1416 2424; baseline -0.002 -21"><span class='ocrx_word' id='word_1_112' title='bbox 367 2344 402 2404; x_wconf 91' lang='lat' dir='ltr'>et</span> <span class='ocrx_word' id='word_1_113' title='bbox 435 2339 574 2404; x_wconf 85' lang='lat' dir='ltr'>saeviora</span> <span class='ocrx_word' id='word_1_114' title='bbox 606 2338 803 2403; x_wconf 85' lang='lat' dir='ltr'>minabatur.</span> <span class='ocrx_word' id='word_1_115' title='bbox 850 2338 948 2403; x_wconf 88' lang='lat' dir='ltr'>Mane</span> <span class='ocrx_word' id='word_1_116' title='bbox 982 2338 1069 2405; x_wconf 88' lang='lat' dir='ltr'>facto</span> <span class='ocrx_word' id='word_1_117' title='bbox 1105 2338 1205 2424; x_wconf 91' lang='lat' dir='ltr'>petiit</span> <span class='ocrx_word' id='word_1_118' title='bbox 1238 2336 1416 2403; x_wconf 89' lang='lat' dir='ltr'>oratorium</span> 
     </span>
     <span class='ocr_line' id='line_1_17' title="bbox 367 2439 1417 2525; baseline 0 -22"><span class='ocrx_word' id='word_1_119' title='bbox 367 2441 457 2525; x_wconf 91' lang='lat' dir='ltr'>quod</span> <span class='ocrx_word' id='word_1_120' title='bbox 479 2440 585 2505; x_wconf 90' lang='lat' dir='ltr'>tribus</span> <span class='ocrx_word' id='word_1_121' title='bbox 607 2440 737 2505; x_wconf 82' lang='lat' dir='ltr'>circiter</span> <span class='ocrx_word' id='word_1_122' title='bbox 759 2439 876 2504; x_wconf 89' lang='lat' dir='ltr'>stadiis</span> <span class='ocrx_word' id='word_1_123' title='bbox 898 2440 1002 2505; x_wconf 88' lang='lat' dir='ltr'>distat</span> <span class='ocrx_word' id='word_1_124' title='bbox 1024 2461 1045 2506; x_wconf 90' lang='lat' dir='ltr'>a</span> <span class='ocrx_word' id='word_1_125' title='bbox 1067 2441 1164 2505; x_wconf 88' lang='lat' dir='ltr'>domo</span> <span class='ocrx_word' id='word_1_126' title='bbox 1194 2462 1261 2505; x_wconf 91' lang='lat' dir='ltr'>sua.</span> <span class='ocrx_word' id='word_1_127' title='bbox 1306 2439 1417 2504; x_wconf 86' lang='lat' dir='ltr'>Adve-</span> 
     </span>
     <span class='ocr_line' id='line_1_18' title="bbox 367 2541 1418 2627; baseline -0.001 -21"><span class='ocrx_word' id='word_1_128' title='bbox 367 2547 463 2608; x_wconf 89' lang='lat' dir='ltr'>nerat</span> <span class='ocrx_word' id='word_1_129' title='bbox 491 2547 604 2608; x_wconf 89' lang='lat' dir='ltr'>autem</span> <span class='ocrx_word' id='word_1_130' title='bbox 626 2542 726 2607; x_wconf 87' lang='lat' dir='ltr'>citius</span> <span class='ocrx_word' id='word_1_131' title='bbox 760 2541 859 2607; x_wconf 89' lang='lat' dir='ltr'>solito</span> <span class='ocrx_word' id='word_1_132' title='bbox 881 2541 1024 2607; x_wconf 87' lang='lat' dir='ltr'>famulus</span> <span class='ocrx_word' id='word_1_133' title='bbox 1046 2564 1067 2609; x_wconf 91' lang='lat' dir='ltr'>a</span> <span class='ocrx_word' id='word_1_134' title='bbox 1089 2543 1285 2619; x_wconf 87' lang='lat' dir='ltr'>molendino,</span> <span class='ocrx_word' id='word_1_135' title='bbox 1309 2542 1418 2627; x_wconf 88' lang='lat' dir='ltr'>dispc-</span> 
     </span>
     <span class='ocr_line' id='line_1_19' title="bbox 367 2644 1418 2730; baseline -0.001 -22"><span class='ocrx_word' id='word_1_136' title='bbox 367 2649 468 2708; x_wconf 90' lang='lat' dir='ltr'>nente</span> <span class='ocrx_word' id='word_1_137' title='bbox 505 2644 648 2709; x_wconf 92' lang='lat' dir='ltr'>Domino</span> <span class='ocrx_word' id='word_1_138' title='bbox 687 2644 744 2729; x_wconf 91' lang='lat' dir='ltr'>qui</span> <span class='ocrx_word' id='word_1_139' title='bbox 781 2644 935 2729; x_wconf 85' lang='lat' dir='ltr'>providet</span> <span class='ocrx_word' id='word_1_140' title='bbox 971 2666 1046 2730; x_wconf 87' lang='lat' dir='ltr'>quae</span> <span class='ocrx_word' id='word_1_141' title='bbox 1082 2650 1225 2710; x_wconf 89' lang='lat' dir='ltr'>ventura</span> <span class='ocrx_word' id='word_1_142' title='bbox 1262 2650 1348 2721; x_wconf 89' lang='lat' dir='ltr'>sunt,</span> <span class='ocrx_word' id='word_1_143' title='bbox 1383 2647 1418 2708; x_wconf 89' lang='lat' dir='ltr'>et</span> 
     </span>
     <span class='ocr_line' id='line_1_20' title="bbox 368 2744 1417 2831; baseline 0.001 -22"><span class='ocrx_word' id='word_1_144' title='bbox 368 2744 561 2811; x_wconf 80' lang='lat' dir='ltr'>incumbens</span> <span class='ocrx_word' id='word_1_145' title='bbox 598 2744 756 2831; x_wconf 77' lang='lat' dir='ltr'>farragini</span> <span class='ocrx_word' id='word_1_146' title='bbox 794 2766 943 2810; x_wconf 90' lang='lat' dir='ltr'>somnum</span> <span class='ocrx_word' id='word_1_147' title='bbox 982 2746 1124 2831; x_wconf 88' lang='lat' dir='ltr'>petebat.</span> <span class='ocrx_word' id='word_1_148' title='bbox 1179 2745 1294 2810; x_wconf 90' lang='lat' dir='ltr'>Puella</span> <span class='ocrx_word' id='word_1_149' title='bbox 1330 2765 1417 2822; x_wconf 88' lang='lat' dir='ltr'>vero,</span> 
     </span>
     <span class='ocr_line' id='line_1_21' title="bbox 372 2847 1417 2935; baseline -0.003 -20"><span class='ocrx_word' id='word_1_150' title='bbox 372 2848 460 2915; x_wconf 83' lang='lat' dir='ltr'>cirea</span> <span class='ocrx_word' id='word_1_151' title='bbox 496 2847 674 2934; x_wconf 87' lang='lat' dir='ltr'>perniciem</span> <span class='ocrx_word' id='word_1_152' title='bbox 711 2870 804 2913; x_wconf 88' lang='lat' dir='ltr'>suam</span> <span class='ocrx_word' id='word_1_153' title='bbox 836 2848 977 2915; x_wconf 84' lang='lat' dir='ltr'>sollicita</span> <span class='ocrx_word' id='word_1_154' title='bbox 1013 2854 1110 2915; x_wconf 86' lang='lat' dir='ltr'>nocte</span> <span class='ocrx_word' id='word_1_155' title='bbox 1146 2848 1417 2935; x_wconf 84' lang='lat' dir='ltr'>praemeditatam,</span> 
     </span>
     <span class='ocr_line' id='line_1_22' title="bbox 368 2948 1418 3035; baseline -0.002 -20"><span class='ocrx_word' id='word_1_156' title='bbox 368 2970 467 3035; x_wconf 89' lang='lat' dir='ltr'>quam</span> <span class='ocrx_word' id='word_1_157' title='bbox 490 2970 558 3035; x_wconf 83' lang='lat' dir='ltr'>prae</span> <span class='ocrx_word' id='word_1_158' title='bbox 580 2949 698 3014; x_wconf 91' lang='lat' dir='ltr'>timore</span> <span class='ocrx_word' id='word_1_159' title='bbox 721 2948 862 3014; x_wconf 86' lang='lat' dir='ltr'>duxerat</span> <span class='ocrx_word' id='word_1_160' title='bbox 891 2950 1082 3027; x_wconf 83' lang='lat' dir='ltr'>insomnem,</span> <span class='ocrx_word' id='word_1_161' title='bbox 1106 2951 1238 3017; x_wconf 87' lang='lat' dir='ltr'>secessit</span> <span class='ocrx_word' id='word_1_162' title='bbox 1260 2951 1296 3014; x_wconf 91' lang='lat' dir='ltr'>in</span> <span class='ocrx_word' id='word_1_163' title='bbox 1325 2948 1418 3035; x_wconf 89' lang='lat' dir='ltr'>peni-</span> 
     </span>
     <span class='ocr_line' id='line_1_23' title="bbox 367 3050 1417 3137; baseline -0.001 -22"><span class='ocrx_word' id='word_1_164' title='bbox 367 3051 485 3116; x_wconf 90' lang='lat' dir='ltr'>tiorem</span> <span class='ocrx_word' id='word_1_165' title='bbox 517 3051 660 3127; x_wconf 90' lang='lat' dir='ltr'>domum,</span> <span class='ocrx_word' id='word_1_166' title='bbox 684 3054 845 3135; x_wconf 83' lang='lat' dir='ltr'>tanquam</span> <span class='ocrx_word' id='word_1_167' title='bbox 868 3050 912 3115; x_wconf 90' lang='lat' dir='ltr'>ad</span> <span class='ocrx_word' id='word_1_168' title='bbox 946 3051 1083 3117; x_wconf 80' lang='lat' dir='ltr'>fratrem</span> <span class='ocrx_word' id='word_1_169' title='bbox 1115 3073 1212 3116; x_wconf 86' lang='lat' dir='ltr'>suum</span> <span class='ocrx_word' id='word_1_170' title='bbox 1234 3051 1417 3137; x_wconf 87' lang='lat' dir='ltr'>parvulum,</span> 
     </span>
     <span class='ocr_line' id='line_1_24' title="bbox 367 3152 1418 3239; baseline -0.002 -21"><span class='ocrx_word' id='word_1_171' title='bbox 367 3153 421 3218; x_wconf 89' lang='lat' dir='ltr'>cui</span> <span class='ocrx_word' id='word_1_172' title='bbox 444 3157 553 3220; x_wconf 91' lang='lat' dir='ltr'>custos</span> <span class='ocrx_word' id='word_1_173' title='bbox 583 3152 812 3239; x_wconf 75' lang='lat' dir='ltr'>deputabatur.</span> <span class='ocrx_word' id='word_1_174' title='bbox 860 3152 904 3217; x_wconf 86' lang='lat' dir='ltr'>Et</span> <span class='ocrx_word' id='word_1_175' title='bbox 935 3152 1108 3219; x_wconf 89' lang='lat' dir='ltr'>accludens</span> <span class='ocrx_word' id='word_1_176' title='bbox 1130 3154 1252 3219; x_wconf 90' lang='lat' dir='ltr'>estium</span> <span class='ocrx_word' id='word_1_177' title='bbox 1286 3160 1361 3238; x_wconf 89' lang='lat' dir='ltr'>post</span> <span class='ocrx_word' id='word_1_178' title='bbox 1383 3174 1418 3216; x_wconf 87' lang='lat' dir='ltr'>se</span> 
     </span>
     <span class='ocr_line' id='line_1_25' title="bbox 367 3254 1418 3341; baseline -0.002 -22"><span class='ocrx_word' id='word_1_179' title='bbox 367 3276 497 3340; x_wconf 84' lang='lat' dir='ltr'>egressa</span> <span class='ocrx_word' id='word_1_180' title='bbox 529 3254 638 3319; x_wconf 93' lang='lat' dir='ltr'>estin</span> <span class='ocrx_word' id='word_1_181' title='bbox 670 3254 876 3339; x_wconf 89' lang='lat' dir='ltr'>pomoerium,</span> <span class='ocrx_word' id='word_1_182' title='bbox 898 3256 1127 3341; x_wconf 83' lang='lat' dir='ltr'>transiensque</span> <span class='ocrx_word' id='word_1_183' title='bbox 1147 3277 1258 3341; x_wconf 89' lang='lat' dir='ltr'>sepem</span> <span class='ocrx_word' id='word_1_184' title='bbox 1289 3254 1361 3318; x_wconf 91' lang='lat' dir='ltr'>ibat</span> <span class='ocrx_word' id='word_1_185' title='bbox 1383 3257 1418 3318; x_wconf 92' lang='lat' dir='ltr'>et</span> 
     </span>
     <span class='ocr_line' id='line_1_26' title="bbox 366 3352 1417 3441; baseline -0.003 -22"><span class='ocrx_word' id='word_1_186' title='bbox 366 3354 504 3431; x_wconf 76' lang='lat' dir='ltr'>redibat,</span> <span class='ocrx_word' id='word_1_187' title='bbox 536 3354 665 3421; x_wconf 83' lang='lat' dir='ltr'>facinus</span> <span class='ocrx_word' id='word_1_188' title='bbox 696 3355 875 3421; x_wconf 88' lang='lat' dir='ltr'>abhorrens</span> <span class='ocrx_word' id='word_1_189' title='bbox 907 3356 995 3441; x_wconf 90' lang='lat' dir='ltr'>quod</span> <span class='ocrx_word' id='word_1_190' title='bbox 1026 3356 1255 3421; x_wconf 88' lang='lat' dir='ltr'>meditabatur.</span> <span class='ocrx_word' id='word_1_191' title='bbox 1302 3352 1417 3418; x_wconf 93' lang='lat' dir='ltr'>Prohi-</span> 
     </span>
     <span class='ocr_line' id='line_1_27' title="bbox 367 3454 1416 3544; baseline 0 -23"><span class='ocrx_word' id='word_1_192' title='bbox 367 3455 468 3521; x_wconf 91' lang='lat' dir='ltr'>bebat</span> <span class='ocrx_word' id='word_1_193' title='bbox 488 3454 568 3523; x_wconf 91' lang='lat' dir='ltr'>hinc</span> <span class='ocrx_word' id='word_1_194' title='bbox 597 3456 698 3523; x_wconf 92' lang='lat' dir='ltr'>timor</span> <span class='ocrx_word' id='word_1_195' title='bbox 721 3458 856 3537; x_wconf 82' lang='lat' dir='ltr'>mortis;</span> <span class='ocrx_word' id='word_1_196' title='bbox 887 3457 966 3524; x_wconf 88' lang='lat' dir='ltr'>hinc</span> <span class='ocrx_word' id='word_1_197' title='bbox 987 3458 1169 3544; x_wconf 86' lang='lat' dir='ltr'>instigabat</span> <span class='ocrx_word' id='word_1_198' title='bbox 1190 3462 1225 3522; x_wconf 89' lang='lat' dir='ltr'>et</span> <span class='ocrx_word' id='word_1_199' title='bbox 1258 3455 1416 3543; x_wconf 88' lang='lat' dir='ltr'>propelle·</span> 
     </span>
     <span class='ocr_line' id='line_1_28' title="bbox 366 3555 1417 3646; baseline -0.001 -24"><span class='ocrx_word' id='word_1_200' title='bbox 366 3555 451 3622; x_wconf 79' lang='lat' dir='ltr'>bat²</span> <span class='ocrx_word' id='word_1_201' title='bbox 481 3578 554 3624; x_wconf 88' lang='lat' dir='ltr'>eam</span> <span class='ocrx_word' id='word_1_202' title='bbox 591 3557 696 3624; x_wconf 90' lang='lat' dir='ltr'>hostis</span> <span class='ocrx_word' id='word_1_203' title='bbox 729 3559 867 3624; x_wconf 90' lang='lat' dir='ltr'>humani</span> <span class='ocrx_word' id='word_1_204' title='bbox 903 3560 1040 3645; x_wconf 84' lang='lat' dir='ltr'>generis,</span> <span class='ocrx_word' id='word_1_205' title='bbox 1075 3560 1111 3624; x_wconf 93' lang='lat' dir='ltr'>in</span> <span class='ocrx_word' id='word_1_206' title='bbox 1142 3558 1283 3646; x_wconf 89' lang='lat' dir='ltr'>speeiem</span> <span class='ocrx_word' id='word_1_207' title='bbox 1316 3556 1417 3622; x_wconf 88' lang='lat' dir='ltr'>unius</span> 
     </span>
     <span class='ocr_line' id='line_1_29' title="bbox 366 3654 1416 3746; baseline 0.002 -25"><span class='ocrx_word' id='word_1_208' title='bbox 366 3654 565 3725; x_wconf 85' lang='lat' dir='ltr'>famularum</span> <span class='ocrx_word' id='word_1_209' title='bbox 595 3660 855 3746; x_wconf 83' lang='lat' dir='ltr'>transfiguratus.</span> <span class='ocrx_word' id='word_1_210' title='bbox 902 3660 1049 3726; x_wconf 80' lang='lat' dir='ltr'>Tandem</span> <span class='ocrx_word' id='word_1_211' title='bbox 1071 3682 1182 3746; x_wconf 86' lang='lat' dir='ltr'>sepem</span> <span class='ocrx_word' id='word_1_212' title='bbox 1211 3658 1416 3727; x_wconf 83' lang='lat' dir='ltr'>transsiliens</span> 
     </span>
     <span class='ocr_line' id='line_1_30' title="bbox 365 3758 1417 3846; baseline -0.004 -20"><span class='ocrx_word' id='word_1_213' title='bbox 365 3758 507 3826; x_wconf 88' lang='lat' dir='ltr'>recludit</span> <span class='ocrx_word' id='word_1_214' title='bbox 528 3782 564 3825; x_wconf 89' lang='lat' dir='ltr'>os</span> <span class='ocrx_word' id='word_1_215' title='bbox 598 3760 699 3846; x_wconf 89' lang='lat' dir='ltr'>putei,</span> <span class='ocrx_word' id='word_1_216' title='bbox 723 3767 758 3825; x_wconf 92' lang='lat' dir='ltr'>et</span> <span class='ocrx_word' id='word_1_217' title='bbox 780 3760 929 3827; x_wconf 87' lang='lat' dir='ltr'>crmibus</span> <span class='ocrx_word' id='word_1_218' title='bbox 961 3762 1029 3825; x_wconf 88' lang='lat' dir='ltr'>suis</span> <span class='ocrx_word' id='word_1_219' title='bbox 1051 3761 1207 3827; x_wconf 87' lang='lat' dir='ltr'>immissis</span> <span class='ocrx_word' id='word_1_220' title='bbox 1229 3782 1251 3828; x_wconf 89' lang='lat' dir='ltr'>a</span> <span class='ocrx_word' id='word_1_221' title='bbox 1274 3760 1417 3827; x_wconf 85' lang='lat' dir='ltr'>brachiis</span> 
     </span>
     <span class='ocr_line' id='line_1_31' title="bbox 365 3862 1416 3949; baseline -0.002 -20"><span class='ocrx_word' id='word_1_222' title='bbox 365 3862 531 3948; x_wconf 86' lang='lat' dir='ltr'>pependit.</span> <span class='ocrx_word' id='word_1_223' title='bbox 578 3862 676 3942; x_wconf 78' lang='lat' dir='ltr'>Quod</span> <span class='ocrx_word' id='word_1_224' title='bbox 706 3863 751 3927; x_wconf 87' lang='lat' dir='ltr'>ab</span> <span class='ocrx_word' id='word_1_225' title='bbox 771 3883 851 3949; x_wconf 77' lang='lat' dir='ltr'>agro</span> <span class='ocrx_word' id='word_1_226' title='bbox 886 3864 1104 3949; x_wconf 88' lang='lat' dir='ltr'>prospiciente</span> <span class='ocrx_word' id='word_1_227' title='bbox 1128 3864 1271 3941; x_wconf 73' lang='lat' dir='ltr'>subulco</span> <span class='ocrx_word' id='word_1_228' title='bbox 1295 3868 1329 3927; x_wconf 88' lang='lat' dir='ltr'>et</span> <span class='ocrx_word' id='word_1_229' title='bbox 1351 3862 1416 3928; x_wconf 87' lang='lat' dir='ltr'>ela·</span> 
     </span>
     <span class='ocr_line' id='line_1_32' title="bbox 365 3962 1415 4049; baseline -0.002 -22"><span class='ocrx_word' id='word_1_230' title='bbox 365 3969 486 4040; x_wconf 88' lang='lat' dir='ltr'>mante,</span> <span class='ocrx_word' id='word_1_231' title='bbox 508 3962 678 4047; x_wconf 86' lang='lat' dir='ltr'>suspicans</span> <span class='ocrx_word' id='word_1_232' title='bbox 700 3984 736 4027; x_wconf 92' lang='lat' dir='ltr'>se</span> <span class='ocrx_word' id='word_1_233' title='bbox 764 3963 967 4049; x_wconf 89' lang='lat' dir='ltr'>impeditam,</span> <span class='ocrx_word' id='word_1_234' title='bbox 991 3986 1025 4029; x_wconf 90' lang='lat' dir='ltr'>se</span> <span class='ocrx_word' id='word_1_235' title='bbox 1049 3964 1182 4031; x_wconf 87' lang='lat' dir='ltr'>demisit</span> <span class='ocrx_word' id='word_1_236' title='bbox 1203 3965 1240 4027; x_wconf 91' lang='lat' dir='ltr'>in</span> <span class='ocrx_word' id='word_1_237' title='bbox 1270 3968 1415 4048; x_wconf 90' lang='lat' dir='ltr'>puteum,</span> 
     </span>
     <span class='ocr_line' id='line_1_33' title="bbox 365 4064 1416 4141; baseline 0.001 -13"><span class='ocrx_word' id='word_1_238' title='bbox 365 4064 486 4141; x_wconf 88' lang='lat' dir='ltr'>dicens,</span> <span class='ocrx_word' id='word_1_239' title='bbox 510 4064 698 4131; x_wconf 82' lang='lat' dir='ltr'>“Consulat</span> <span class='ocrx_word' id='word_1_240' title='bbox 731 4065 815 4129; x_wconf 92' lang='lat' dir='ltr'>mihi</span> <span class='ocrx_word' id='word_1_241' title='bbox 845 4066 1008 4132; x_wconf 90' lang='lat' dir='ltr'>Dominus</span> <span class='ocrx_word' id='word_1_242' title='bbox 1042 4071 1077 4132; x_wconf 91' lang='lat' dir='ltr'>et</span> <span class='ocrx_word' id='word_1_243' title='bbox 1108 4066 1224 4131; x_wconf 88' lang='lat' dir='ltr'>beatus</span> <span class='ocrx_word' id='word_1_244' title='bbox 1248 4064 1416 4129; x_wconf 56' lang='lat' dir='ltr'>Thomas?</span> 
     </span>
     <span class='ocr_line' id='line_1_34' title="bbox 366 4166 1417 4255; baseline 0 -24"><span class='ocrx_word' id='word_1_245' title='bbox 366 4166 583 4252; x_wconf 88' lang='lat' dir='ltr'>Opastorem</span> <span class='ocrx_word' id='word_1_246' title='bbox 613 4166 749 4251; x_wconf 71' lang='lat' dir='ltr'>vigilem</span> <span class='ocrx_word' id='word_1_247' title='bbox 773 4174 807 4232; x_wconf 90' lang='lat' dir='ltr'>et</span> <span class='ocrx_word' id='word_1_248' title='bbox 837 4168 1039 4255; x_wconf 88' lang='lat' dir='ltr'>diligentem,</span> <span class='ocrx_word' id='word_1_249' title='bbox 1062 4169 1226 4253; x_wconf 91' lang='lat' dir='ltr'>perditam</span> <span class='ocrx_word' id='word_1_250' title='bbox 1257 4188 1352 4231; x_wconf 89' lang='lat' dir='ltr'>ovem</span> <span class='ocrx_word' id='word_1_251' title='bbox 1376 4167 1417 4231; x_wconf 89' lang='lat' dir='ltr'>de</span> 
     </span>
     <span class='ocr_line' id='line_1_35' title="bbox 364 4269 1417 4356; baseline -0.002 -21"><span class='ocrx_word' id='word_1_252' title='bbox 364 4269 536 4355; x_wconf 77' lang='lat' dir='ltr'>prasentia</span> <span class='ocrx_word' id='word_1_253' title='bbox 570 4274 605 4333; x_wconf 93' lang='lat' dir='ltr'>et</span> <span class='ocrx_word' id='word_1_254' title='bbox 637 4276 770 4334; x_wconf 72' lang='lat' dir='ltr'>erema</span> <span class='ocrx_word' id='word_1_255' title='bbox 806 4272 921 4336; x_wconf 86' lang='lat' dir='ltr'>mortis</span> <span class='ocrx_word' id='word_1_256' title='bbox 959 4271 1107 4337; x_wconf 84' lang='lat' dir='ltr'>faucibus</span> <span class='ocrx_word' id='word_1_257' title='bbox 1141 4269 1343 4356; x_wconf 89' lang='lat' dir='ltr'>eripientem,</span> <span class='ocrx_word' id='word_1_258' title='bbox 1374 4291 1417 4333; x_wconf 90' lang='lat' dir='ltr'>ne</span> 
     </span>
    </p>
   </div>
   <div class='ocr_carea' id='block_1_7' title="bbox 362 4370 1415 4461">
    <p class='ocr_par' dir='ltr' id='par_1_7' title="bbox 362 4370 1415 4461">
     <span class='ocr_line' id='line_1_36' title="bbox 362 4370 1415 4461; baseline 0.001 -27"><span class='ocrx_word' id='word_1_259' title='bbox 362 4392 445 4457; x_wconf 81' lang='lat' dir='ltr'>grex</span> <span class='ocrx_word' id='word_1_260' title='bbox 467 4370 519 4435; x_wconf 91' lang='lat' dir='ltr'>sui</span> <span class='ocrx_word' id='word_1_261' title='bbox 542 4370 684 4455; x_wconf 88' lang='lat' dir='ltr'>corporis</span> <span class='ocrx_word' id='word_1_262' title='bbox 704 4371 853 4455; x_wconf 89' lang='lat' dir='ltr'>portione</span> <span class='ocrx_word' id='word_1_263' title='bbox 876 4378 1082 4439; x_wconf 81' lang='lat' dir='ltr'>vastaretur!</span> <span class='ocrx_word' id='word_1_264' title='bbox 1120 4373 1149 4438; x_wconf 91' lang='lat'>0</span> <span class='ocrx_word' id='word_1_265' title='bbox 1172 4377 1300 4461; x_wconf 88' lang='lat' dir='ltr'>patrem</span> <span class='ocrx_word' id='word_1_266' title='bbox 1323 4372 1415 4457; x_wconf 93' lang='lat' dir='ltr'>pium</span> 
     </span>
    </p>
   </div>
   <div class='ocr_carea' id='block_1_8' title="bbox 397 4604 1205 4674">
    <p class='ocr_par' dir='ltr' id='par_1_8' title="bbox 397 4604 1205 4674">
     <span class='ocr_line' id='line_1_37' title="bbox 397 4604 1205 4674; baseline 0.002 -18"><span class='ocrx_word' id='word_1_267' title='bbox 397 4604 583 4671; x_wconf 76' lang='lat' dir='ltr'>¹jantaculam,</span> <span class='ocrx_word' id='word_1_268' title='bbox 594 4605 651 4658; x_wconf 81' lang='lat' dir='ltr'>MS.</span> <span class='ocrx_word' id='word_1_269' title='bbox 890 4608 895 4673; x_wconf 93' lang='grc' dir='ltr'>Ι</span> <span class='ocrx_word' id='word_1_270' title='bbox 941 4608 1136 4674; x_wconf 64' lang='lat' dir='ltr'>&#39;propellebat</span> <span class='ocrx_word' id='word_1_271' title='bbox 1147 4609 1205 4661; x_wconf 73' lang='grc' dir='ltr'>ΜΒ.</span> 
     </span>
    </p>
   </div>
   <div class='ocr_carea' id='block_1_9' title="bbox 0 0 1662 6240">
    <p class='ocr_par' dir='ltr' id='par_1_9' title="bbox 0 0 1662 6240">
     <span class='ocr_line' id='line_1_38' title="bbox 0 0 1662 6240; baseline 0 0"><span class='ocrx_word' id='word_1_272' title='bbox 0 0 1662 6240; x_wconf 95' lang='lat' dir='ltr'> </span> 
     </span>
    </p>
   </div>
  </div>
 </body>
</html>
