3316 6240
384 807 450 877 472
720 822 900 875 nuscum
922 824 948 874 s.
971 823 1108 887 uncus,
1293 808 1372 896 [nm.
1388 814 1431 874 v¹

410 1046 489 1132 (73.)
514 1047 561 1114 Dc
583 1069 618 1114 eo
641 1047 704 1135 qui
725 1046 791 1115 cibi
814 1046 1003 1115 <articulata
1025 1069 1240 1116 correctorum
1261 1047 1413 1115 abscidit.

431 1204 612 1294 eujusdam
644 1205 742 1287 Petri,
776 1208 995 1295 Francigenae,
1022 1210 1099 1296 pedi
1126 1230 1224 1296 quem
1256 1210 1440 1277 offenderat

386 1330 500 1379 cancer
522 1311 717 1397 obrepserat.
775 1309 827 1376 Ex
843 1322 916 1397 'quo
938 1333 1013 1378 cum
1036 1311 1143 1378 multa
1158 1318 1192 1377 et
1214 1312 1346 1378 diutina
1367 1334 1439 1377 sus·
1565 1330 1569 1337 ·

386 1414 509 1481 tineret
537 1412 728 1491 adversae
758 1413 963 1499 sapientibus
993 1415 1120 1500 accepit
1143 1414 1231 1501 qnod
1261 1415 1439 1481 sanitatem

385 1536 453 1582 non
482 1521 689 1602 recuperaret
717 1516 783 1581 nisi
814 1517 1002 1582 morbosum
1037 1516 1214 1584 articulum
1246 1517 1438 1583 abscideret.

386 1618 481 1698 Quod
504 1619 656 1704 quamvis
679 1619 826 1686 facturus
848 1624 920 1685 erat
941 1619 1056 1697 invite,
1080 1618 1200 1686 maluit
1222 1624 1335 1686 tamen
1356 1620 1439 1687 vitae

383 1743 452 1787 ruse
484 1722 657 1789 consulere.
720 1722 769 1787 Eo
801 1722 905 1809 igitur
937 1723 1062 1790 absciso
1095 1723 1243 1800 articulo,
1274 1724 1441 1790 succrevit

383 1826 524 1903 morbus
548 1826 805 1912 contiguumque
836 1826 1023 1892 vindicavit
1053 1826 1252 1905 articulum;
1284 1832 1318 1891 et
1349 1825 1439 1893 facta

382 1933 463 1995 sunt
484 1928 664 1994 novissima
686 1928 799 2013 pejora
821 1928 993 2014 primibus.
1050 1928 1138 1994 Nam
1161 1927 1316 1994 membris
1340 1927 1437 1994 dimi·

384 2031 477 2097 nutis
508 2030 614 2115 major
645 2034 716 2095 erat
746 2029 846 2107 dolor,
870 2035 905 2096 et
936 2051 1036 2096 causa
1069 2031 1190 2096 doloris
1221 2052 1289 2096 non
1320 2031 1437 2096 minor.

385 2134 513 2198 Rursus
543 2137 735 2218 suggestum
766 2137 878 2198 estut
901 2133 1099 2198 etalterum
1125 2133 1301 2200 articulum
1331 2134 1438 2199 absci-

386 2236 486 2312 deret,
508 2235 537 2301 si
560 2235 704 2300 sanitate
726 2234 903 2320 gauderet3
925 2233 1080 2319 alioquin
1104 2235 1135 2299 ei
1158 2234 1246 2300 sadus
1272 2255 1339 2300 non
1362 2255 1437 2320 pro·

384 2337 520 2403 veniret.
582 2336 765 2422 Respondit
795 2358 829 2402 se
853 2336 950 2403 malle
973 2337 1055 2401 mori
1079 2358 1178 2422 quam
1208 2342 1303 2402 tanto
1326 2337 1438 2422 subja·

384 2462 455 2508 cere
480 2439 601 2519 dolori;
627 2461 688 2505 nec
702 2439 814 2525 potuit
835 2439 878 2504 ad
900 2438 962 2506 hoc
984 2437 1192 2505 suasionibus
1214 2439 1291 2503 ullis
1314 2438 1435 2505 induci.

386 2543 470 2609 Cum
495 2544 607 2628 itaque
629 2563 717 2607 novo
733 2540 843 2606 dolore
858 2542 1028 2628 veterique
1051 2542 1164 2607 morbo
1186 2541 1436 2619 contabesceret,

351 2656 367 2687 0
384 2664 509 2712 novum
543 2645 706 2712 medicum
739 2644 903 2710 divinitus
942 2645 1121 2730 inspiratus
1155 2645 1270 2709 adivit.
1331 2642 1437 2729 Cujus

384 2771 497 2815 veram
526 2747 723 2814 medicinam
746 2747 926 2833 experiens,
950 2769 1018 2813 suae
1049 2747 1230 2834 imputavit
1260 2747 1436 2835 imperitiae

385 2851 473 2939 quod
496 2849 657 2938 imperitis
680 2848 879 2916 credidisset.

387 3094 466 3181 (74.)
490 3091 627 3160 Dacico
650 3099 679 3159 ct
701 3113 804 3160 eccere
826 3091 903 3175 ejus
921 3113 1001 3179 quos
1023 3098 1191 3160 (recusatos
1213 3090 1252 3158 dc
1267 3091 1436 3161 adulterio

646 3201 781 3281 triariis-r
804 3194 844 3260 dc
867 3216 992 3261 carcerc
1016 3193 1177 3261 liberavit.

217 3373 356 3453 Apilgrim
430 3357 491 3424 Vir
511 3359 552 3423 de
575 3357 740 3423 territorio
764 3356 944 3423 Exoniensi
967 3357 1081 3422 orandi
1105 3377 1202 3423 caina
1222 3356 1436 3424 Cantumiam

217 3442 360 3558 fflhffom
386 3465 524 3527 venerat
546 3481 620 3525 cum
644 3480 746 3524 uxore
769 3479 836 3524 sua
899 3457 981 3538 Quae
1004 3481 1079 3524 cum
1102 3459 1229 3525 biberet
1259 3462 1347 3547 apud
1370 3462 1437 3528 Ra-

216 3545 322 3650 Devin·
387 3563 516 3629 dulfum
540 3563 713 3647 quendam,
736 3562 843 3628 civem
867 3559 1147 3638 Oantuariensem,
1171 3563 1268 3630 affuit
1294 3564 1437 3631 Romeus

217 3640 346 3773 {ffiff
386 3672 501 3752 petens
536 3671 651 3753 potum
686 3665 771 3744 sibi;
805 3664 857 3730 cui
881 3664 969 3749 quod
999 3663 1143 3731 habebat
1172 3666 1208 3729 in
1231 3667 1354 3752 scypho
1377 3689 1436 3733 suo

218 3772 362 3824 withadul-
387 3767 568 3835 transfudit
602 3768 637 3832 in
673 3766 857 3854 scyphum.l
923 3766 1122 3852 Indignatus
1160 3768 1216 3833 ille
1249 3770 1337 3853 quod
1375 3771 1438 3835 sibi

217 3847 281 3905 tery.
386 3872 572 3959 despective
604 3870 755 3948 dedisset,
787 3869 910 3935 refudit
943 3869 1027 3934 illud
1058 3871 1179 3956 partim
1212 3871 1248 3934 in
1282 3871 1435 3957 poculum

385 3974 655 4051 transfundentis,
680 3973 800 4059 partim
824 3974 859 4037 in
882 3973 1051 4059 gremium,
1076 3974 1269 4051 exclamans,
1295 3984 1311 4009 “
1327 3975 1435 4061 Expa-

387 4086 403 4112 “
427 4078 513 4142 diret
537 4077 599 4141 tibi
622 4075 704 4141 alias
734 4097 803 4141 esse
826 4098 901 4142 cum
926 4075 1126 4142 Colemanno
1149 4078 1222 4143 viro
1244 4082 1312 4155 tuo,
1335 4099 1434 4163 quam

388 4188 403 4215 ‘⁴
426 4180 480 4247 hic
503 4202 578 4247 cum
593 4179 666 4244 viro
689 4178 819 4244 altero.''
865 4178 1059 4262 Cujusmodi
1083 4179 1265 4246 convitium
1288 4182 1341 4245 vir
1363 4182 1434 4265 ejus

386 4285 523 4351 aridicns
546 4283 783 4349 convitiantem
807 4282 937 4367 expulit
959 4304 980 4348 a
1003 4283 1119 4362 dom03
1150 4284 1206 4369 qui
1230 4305 1304 4349 cum
1336 4285 1434 4349 minis

218 4386 374 4504 Tnemspia
387 4388 500 4455 abiens
515 4388 558 4453 ad
581 4387 737 4475 primates
759 4384 858 4463 urbis,
874 4384 1023 4451 homines
1050 4386 1221 4473 illegitime
1243 4388 1434 4475 conjugatos

217 4462 323 4571 ‘522⁶ssss
387 4496 420 4557 ct
435 4492 635 4558 incestuosos
650 4489 764 4554 urbem
783 4488 845 4552 sub
860 4487 965 4573 specie
981 4490 1251 4575 peregrinationis
1275 4492 1435 4578 ingressos

304 4664 326 4697 ἱ
677 4726 685 4757 ¹
703 4724 773 4792 eipso
790 4761 796 4776 .
816 4762 822 4775 .
840 4724 946 4792 ebrium,
958 4724 1013 4778 Ms.
1026 4726 1138 4779 Wintou.
