3316 6240
376 762 419 821 64
755 773 837 821 vnn
860 773 885 819 s.
909 772 1048 831 ruoun,

420 997 502 1081 (58.)
526 994 643 1061 lliaaio
666 997 851 1081 lepatorum
873 996 1023 1062 duorum
1045 994 1107 1081 qui
1122 992 1280 1079 jud-icant
1306 994 1397 1062 iuter

665 1120 773 1183 repom
795 1104 824 1163 et
847 1096 1143 1183 orcle-irpiaeopum.

207 1224 359 1339 marl?
421 1228 520 1293 Porro
535 1251 609 1293 eum
633 1251 691 1293 rex
705 1251 837 1293 suorum
854 1228 1100 1292 damnationem
1120 1228 1204 1291 ferre
1226 1250 1294 1292 non
1310 1236 1427 1313 posset,

207 1362 301 1406 sentto
376 1330 483 1394 missis
505 1332 632 1395 nuntiis
656 1332 780 1395 institit
801 1338 836 1395 et
855 1332 1046 1415 impetravit
1064 1352 1085 1395 a
1100 1330 1250 1397 Romano
1272 1330 1427 1415 pontifice

205 1421 285 1537 iffi
295 1422 340 1537 3ξὲ
371 1432 499 1517 judiees
514 1433 556 1497 ad
572 1456 605 1497 se
628 1434 724 1519 dirigi
740 1458 747 1509 ;
770 1434 860 1517 prius
875 1439 987 1497 tamen
1003 1432 1115 1517 pravis
1133 1433 1427 1497 consuetudinibus

206 1552 331 1617 hingem
376 1534 581 1597 renuntiavit
604 1554 686 1617 quas
718 1554 817 1617 regno
844 1554 903 1597 suo
935 1532 1120 1597 induxerat.
1169 1532 1317 1612 Quorum
1341 1532 1428 1598 alter

207 1618 333 1749 ffilfflfh·
376 1642 447 1699 crat
472 1635 561 1699 tituli
587 1635 700 1701 Sancti
725 1635 813 1699 Petri
836 1634 878 1699 ad
909 1634 1051 1699 Vincula
1077 1634 1249 1719 presbyter
1278 1635 1427 1699 cardina-

300 1722 306 1735 '
376 1735 424 1810 lis,
450 1734 632 1801 Willelmus
655 1736 770 1811 dictus,
803 1736 887 1821 regis
910 1736 1136 1811 amicissimus,
1160 1736 1226 1819 qui,
1250 1736 1426 1821 sicutipse

207 1850 300 1901 Tuom.
375 1836 634 1923 archiepiscopus
661 1837 702 1901 de
729 1858 767 1901 oo
791 1836 880 1911 dicit,
904 1836 1015 1919 potius
1040 1835 1140 1921 elegit
1162 1858 1231 1899 esse
1255 1836 1427 1901 malleator

207 1916 340 2032 ἓξῖῡξω·
375 1938 572 2015 clericorum,
597 1938 799 2024 principibus
822 1937 1037 2022 obsequendo,
1062 1959 1160 2022 quam
1185 1960 1298 2023 regnum
1322 1938 1423 2003 ofl'en-

374 2040 444 2103 sio¹
464 2041 611 2106 divinam
634 2041 775 2124 gratiam
797 2039 1044 2123 consequendo;
1075 2039 1167 2115 alter,
1191 2040 1283 2104 tituli
1312 2040 1424 2105 Sancti

377 2142 529 2207 Nicholai
555 2145 590 2207 in
615 2144 750 2209 Caruere
776 2142 929 2206 Tulliano
954 2142 1110 2207 diaeonus
1134 2142 1317 2217 cardinalia,
1346 2142 1427 2207 Otto

374 2253 608 2328 nrmeupatus3
638 2245 712 2329 plus
738 2244 1011 2327 ava1·itirequam
1039 2243 1181 2327 justitiae
1205 2244 1353 2319 studiosi,
1384 2248 1426 2319 et,

374 2354 439 2416 nisi
472 2346 702 2432 delegarentur
742 2367 763 2409 a
792 2344 926 2409 domino
961 2365 1054 2429 papa,
1091 2342 1188 2429 plus²
1230 2344 1428 2429 relegatione

374 2476 473 2539 quarn
505 2450 669 2537 legatione
699 2447 800 2531 rripit.
870 2448 1075 2530 deceperant
1104 2452 1216 2510 autern
1248 2445 1427 2530 plenariam

376 2560 571 2639 potestatem
595 2548 765 2613 decidendi
790 2546 989 2629 qurestiones
1012 2567 1086 2629 qum
1104 2546 1319 2611 vertebantur
1342 2548 1428 2611 inter

375 2678 483 2741 regern
506 2662 541 2719 et
569 2650 854 2734 archiepiscopum,
879 2657 913 2712 et
943 2648 1090 2713 debitum
1115 2648 1214 2713 finem
1245 2650 1293 2713 eis
1323 2650 1426 2733 impo-

374 2758 481 2833 nendi,
517 2762 640 2819 remoto
669 2751 898 2837 appellationis
922 2750 1097 2817 obstaculo.
1156 2750 1428 2816 Cantuariensis³

374 2882 459 2937 vere,
483 2858 587 2924 sciens
610 2855 695 2940 regis
718 2853 950 2919 amicissimum
982 2852 1131 2927 alterum,
1156 2857 1190 2915 et
1212 2852 1254 2916 al)
1282 2852 1352 2937 ipso
1376 2852 1425 2915 in-

374 2970 500 3027 stanter
523 2960 672 3046 petitum,
697 2956 836 3020 alterum
859 2960 971 3018 autem
995 2976 1037 3017 ex
1064 2953 1137 3017 aliis
1168 2953 1274 3017 causis
1297 2975 1426 3038 suspee-
1505 2982 1508 2987 ·

374 3070 445 3129 turn
476 3063 608 3136 habens,
635 3056 828 3123 recusabat4
850 3061 1036 3138 utrumque,
1061 3054 1171 3119 dicens
1195 3054 1274 3138 qnia
1303 3076 1425 3138 nequa-

373 3188 472 3249 quam
503 3161 660 3225 Willelrni
687 3156 910 3241 jmu'sdictioni
941 3155 1074 3219 deberet
1106 3156 1140 3217 in
1170 3176 1268 3219 eausa
1298 3155 1425 3239 subjici,

373 3266 430 3349 qui
454 3264 539 3348 regis
555 3259 714 3325 instantia
730 3257 839 3342 potius
862 3254 1072 3321 mitteretur⁵
1096 3278 1195 3339 quam
1212 3256 1280 3340 ipse
1296 3262 1427 3321 coactus

374 3373 408 3429 et
431 3366 548 3428 missus
565 3358 714 3436 venirete
737 3366 771 3423 et
789 3358 868 3441 quia
889 3379 956 3421 non
980 3365 1065 3421 esset
1083 3357 1152 3442 juri
1172 3364 1426 3422 consentaneum

374 3467 444 3551 ejus
467 3464 576 3529 subire
595 3461 765 3547 judicium,
789 3460 846 3543 qui
870 3460 910 3523 de
932 3460 1092 3543 sanguine
1115 3481 1175 3522 suo
1197 3459 1425 3523 commercium

374 3568 437 3633 sibi
461 3568 564 3632 facere
596 3568 763 3649 quaereret,
787 3567 822 3626 et
853 3562 893 3625 de
918 3562 1024 3646 pretio
1058 3582 1180 3625 nomen
1214 3568 1248 3625 et
1280 3560 1426 3647 gloriam.

375 3670 467 3734 Adeo
504 3674 616 3733 autem
646 3663 824 3738 recusabat,
863 3669 902 3727 ut
936 3661 1267 3728 excommunicationi
1306 3661 1423 3746 subjici

375 3772 489 3837 mallet
522 3791 620 3855 quam
655 3767 726 3852 ejus
764 3765 873 3829 subire
907 3764 1071 3849 judicium
1109 3762 1145 3825 in
1182 3762 1293 3846 aliquo
1332 3768 1427 3827 antra

376 3874 500 3939 curiam
541 3872 730 3935 Romanam.
793 3866 881 3929 Nam
916 3866 960 3929 ad
987 3864 1196 3949 judiciariam
1230 3870 1425 3948 potestatem

377 3974 588 4040 obtinendam
615 3993 712 4056 snper·
735 3991 809 4033 eum
840 3967 1016 4051 multiplici
1049 3966 1255 4031 laboraverat
1285 3966 1425 4050 ingenio.

344 4096 347 4103 ·
377 4074 539 4139 Dominus
569 4093 654 4157 papa
684 4076 803 4144 tamen,
834 4068 1041 4133 considerans
1071 4066 1233 4131 malitiam
1261 4067 1425 4150 temporis,

583 4197 947 4210 .-....-—.----—----——
969 4198 1049 4204 ...--,.
1067 4197 1106 4203 -,-
1122 4196 1162 4203 -ι-
1185 4197 1223 4203 --
1243 4197 1311 4203 .-.-
1335 4198 1415 4205 .,...-

411 4272 418 4301 ¹
436 4268 470 4319 So
489 4267 532 4316 the
552 4263 646 4327 Epiatle
669 4262 719 4311 and
741 4259 874 4322 Quadril.;
960 4258 1108 4320 s‘reaia-but,
1119 4260 1150 4308 L.
1186 4260 1293 4321 “Quum
1305 4260 1425 4311 instantia

375 4348 521 4417 ficariam,
532 4344 588 4394 MS.
602 4340 715 4393 Winton.
924 4342 940 4367 “
952 4338 1018 4402 regis
1042 4336 1123 4405 magis
1147 4338 1257 4403 coegerit
1289 4355 1335 4389 vos
1368 4339 1424 4405 [the

409 4423 570 4492 ²potr'ua,V.
582 4423 613 4471 L.
922 4422 938 4452 “
951 4417 1030 4482 pope]
1046 4419 1078 4466 ud
1090 4432 1148 4467 eum
1167 4417 1328 4479 mittendum,
1347 4434 1422 4483 quarn

407 4510 417 4537 ³
434 4502 655 4567 Aretiepiacapur,
665 4498 697 4548 L.
923 4497 937 4523 “
951 4494 1003 4558 ipse
1020 4504 1124 4545 coactus
1141 4504 1166 4545 et
1184 4495 1276 4546 missua
1292 4496 1389 4547 venerit
1407 4512 1423 4545 a

407 4582 566 4640 ⁴recasuvit,
578 4580 606 4629 L.
920 4578 937 4602 ‘⁸
950 4574 1048 4623 vobis.”
1082 4576 1130 4637 Ep.
1144 4580 1166 4623 c.

408 4664 417 4695 ⁵
434 4660 585 4717 mittebatur,
596 4657 624 4706 L.
956 4650 966 4685 ⁷
985 4660 1049 4712 erut,
1061 4651 1090 4701 L.
