3316 6240
396 766 463 831 394
736 780 917 829 sarnacum
939 782 963 829 s.
988 782 1127 841 aueum,
1233 828 1236 833 ,
1323 768 1402 851 [arn
1420 785 1452 834 v.

395 971 452 1034 sed
485 972 626 1036 assiduis
650 972 846 1038 elamoribus
878 978 913 1038 et
936 974 1123 1058 planetibus
1156 973 1322 1038 miseriam
1355 995 1451 1038 suam

397 1076 581 1136 testaretur.
631 1072 712 1153 Quae
745 1073 825 1136 <lum
857 1074 903 1139 sie
925 1074 1058 1160 lugubri
1082 1075 1154 1138 vita
1186 1073 1333 1139 differret
1368 1082 1451 1139 tem-

397 1195 478 1258 pora
507 1174 841 1252 luctusadmonita1
865 1183 915 1239 est
946 1198 967 1241 a
989 1176 1057 1240 filio
1080 1198 1147 1254 suo,
1172 1178 1229 1261 qui
1261 1198 1320 1262 pro
1344 1180 1452 1263 gratia

396 1276 512 1341 matris
549 1277 644 1343 venit
680 1278 725 1342 ad
760 1278 903 1363 gratiam
934 1279 1098 1363 martyris,
1135 1278 1277 1363 propitio
1310 1283 1450 1364 martyri

396 1376 530 1443 Thomas
563 1402 597 1444 se
633 1381 800 1456 devovere,
832 1386 867 1445 et
898 1381 1169 1465 peregrinationis
1202 1382 1266 1446 iter
1297 1381 1449 1466 polliceri.

396 1479 579 1565 Respondit
601 1503 635 1545 se
658 1481 849 1545 nuHatenus
873 1480 1088 1547 latitrulinem
1112 1482 1212 1546 maris
1244 1504 1337 1567 posse
1361 1489 1451 1547 tran-

395 1583 466 1648 sire.
514 1583 644 1647 Institit
675 1583 739 1660 ille,
773 1591 807 1648 et
837 1586 973 1649 tandem
1008 1586 1181 1671 persuasit.
1227 1586 1329 1651 Facto
1364 1594 1450 1664 voto,

395 1683 505 1749 dolore
551 1684 701 1769 protinus
746 1690 781 1750 et
825 1692 954 1751 tumore
1000 1687 1126 1751 ventris
1172 1689 1449 1765 evanescentibus,

394 1786 496 1851 etiarn
529 1787 689 1851 formatus
719 1787 820 1852 fretus
853 1789 889 1851 in
911 1788 1054 1852 nihilum
1077 1789 1184 1853 rediit.
1245 1790 1449 1874 Factumque

394 1893 445 1952 est
467 1909 563 1972 opere
595 1888 687 1953 mirae
709 1889 871 1953 novitatis
904 1895 943 1952 ut
980 1897 1197 1955 evacuaretur
1228 1912 1317 1955 error
1346 1894 1448 1957 satine

395 1990 579 2066 vetustatis,
618 1991 793 2056 asserentis
830 1991 915 2055 nihi]
949 1992 986 2055 in
1023 1993 1167 2056 nihilum
1199 1993 1304 2078 redigi
1339 2015 1449 2077 posse,

226 2108 377 2160 stelione.
395 2092 448 2158 eui
482 2093 705 2177 propositioni,
728 2094 815 2158 sieut
845 2094 894 2158 ait
917 2094 1060 2169 Boetius,
1085 2116 1182 2159 nemo
1211 2090 1349 2159 ‘suorum
1381 2117 1449 2160 mo-

225 2176 375 2292 ᾖῖἰῗζζω·
396 2195 572 2259 dernorum
603 2215 703 2259 ausus
734 2202 784 2259 est
818 2196 984 2282 refragari.
1031 2198 1083 2260 Ex
1115 2198 1177 2261 hoe
1210 2198 1313 2284 igitur
1345 2206 1450 2262 mater

226 2308 306 2384 Ptosa
320 2314 341 2359 1.
395 2296 478 2360 {ides
499 2295 661 2359 haeresum
684 2297 868 2361 barbariem
900 2299 1043 2363 securior
1067 2304 1247 2385 oppugnat,
1282 2299 1449 2384 audetque

395 2396 458 2461 sub
480 2403 612 2462 auctore
628 2397 788 2475 veritatis
804 2398 1028 2485 agonotheta²
1049 2422 1116 2477 suo,
1134 2406 1263 2465 veteres
1286 2401 1449 2485 sophistas

395 2498 551 2565 falsitatis
573 2521 717 2585 arguere.

484 2756 565 2843 (28.)
589 2755 637 2821 De
659 2756 801 2822 tardiore
824 2756 922 2841 sapa
945 2756 1011 2823 telo
1032 2756 1268 2844 otrdt'qrtieata
1291 2765 1342 2823 est.

224 2946 353 3008 Editnof
441 2926 507 2993 Sed
530 2934 564 2993 et
586 2928 762 2994 dicendum
793 2930 956 3014 quomodo
987 2931 1027 2995 de
1057 2931 1169 3015 aliquo
1191 2931 1304 3015 aliqua
1333 2952 1446 2996 seerm-

225 3014 350 3132 gfff·
395 3030 475 3094 dum
507 3031 728 3096 substantiam
767 3037 802 3095 et
834 3032 1057 3117 quantitatem
1103 3032 1140 3096 in
1177 3033 1285 3117 majus
1325 3032 1445 3098 feeerit.

226 3097 373 3197 neaibiie-
394 3132 495 3199 Vicus
518 3139 569 3198 est
595 3133 632 3198 in
656 3133 848 3199 duodecimo
872 3134 981 3219 lapide
1012 3156 1033 3198 a
1056 3134 1290 3211 Doreacestria,
1315 3136 1381 3220 qui
1404 3157 1446 3199 ne

224 3216 375 3345 mant
395 3241 428 3301 te
451 3236 595 3301 nominis
610 3235 785 3313 barbaries,
810 3237 919 3313 lector,
943 3237 1097 3313 offendat,
1120 3237 1264 3301 nominis
1287 3238 1445 3322 interpre-

224 3346 327 3424 apiae
334 3346 374 3395 off
392 3338 518 3402 tatione
534 3337 659 3423 poterit
673 3337 883 3402 innotescere.
930 3337 1063 3403 Dieitm·
1078 3339 1166 3402 enim
1178 3338 1316 3423 Anglica
1331 3337 1445 3422 lingula

223 3413 363 3528 {oxgffif
394 3438 516 3503 Ovium
541 3439 707 3505 Custodia.
755 3439 821 3503 Hic
843 3439 962 3503 mulier
985 3439 1072 3515 Edit,
1096 3459 1180 3502 uxor
1200 3438 1370 3523 eujusdam
1386 3439 1443 3503 Ja-

224 3543 342 3595 sarua
391 3540 472 3618 eobi,
488 3562 663 3627 praegnans
685 3546 720 3605 et
742 3541 853 3606 vicina
868 3541 939 3625 jam
963 3541 1082 3626 partui,
1105 3540 1245 3624 martyri
1267 3541 1445 3625 spopondit

223 3610 360 3727 fflflff
391 3643 599 3721 oblationem,
622 3651 662 3707 ut
684 3644 842 3730 pariturae
870 3645 933 3708 sibi
956 3644 1198 3729 propitiaretur.
1246 3642 1443 3728 Exciditque

222 3742 360 3795 immed·
391 3746 432 3810 de
455 3746 523 3811 tela
543 3746 686 3812 habente
709 3746 831 3832 viginti
855 3746 951 3813 unas
982 3746 1018 3809 in
1044 3745 1252 3831 longitudine
1274 3745 1384 3811 albam
1407 3747 1442 3810 in

391 3870 457 3934 qua
479 3849 688 3934 praesentiam
715 3849 871 3933 martyris
902 3849 1074 3934 peregrina
1105 3848 1264 3925 visitaret,
1288 3871 1362 3933 quar
1384 3871 1442 3912 no-

390 3974 466 4015 vem
488 3952 542 4016 vel
566 3953 676 4018 decem
693 3951 788 4016 ulnas
803 3952 954 4037 capiebat
972 3952 1072 4036 juxta
1092 3953 1441 4016 commensurationem

390 4056 539 4140 mgionis
598 4056 664 4119 Sed
696 4076 771 4119 eum
803 4052 971 4119 residuum
1002 4055 1077 4120 telae
1109 4055 1362 4129 eomnretiretur,
1390 4056 1441 4118 in-

390 4157 484 4221 venit
507 4155 590 4220 illud
613 4178 671 4220 sex
697 4156 785 4219 ulnis
815 4157 1081 4241 multiplicatum,
1106 4156 1234 4240 sibique
1257 4178 1297 4219 ex
1322 4177 1441 4242 magma

383 4264 483 4343 ,parte
506 4259 698 4322 restitutum
723 4259 809 4343 quod
834 4260 970 4341 martyri
996 4260 1106 4322 fumat
1129 4259 1338 4322 destinatum.

425 4559 432 4590 ¹
449 4564 565 4621 errrorem,
580 4564 633 4612 MS.
915 4563 918 4623 Ι
966 4564 976 4595 “·’
993 4562 1161 4626 opimandae,
1174 4562 1230 4613 MS.
