3316 6240
393 738 458 801 302
727 738 907 803 amicum
929 754 956 804 s.
979 754 1117 815 rnourn,
1298 740 1376 823 [nm.
1393 757 1443 805 111.

223 942 337 1061 {gffi
438 945 454 971 “
479 936 587 1003 Obvia
609 938 778 1024 consurgit
800 938 899 1003 tellus
944 987 1221 1007 ......

224 1072 259 1124 ix
273 1012 355 1127 335¹'9
438 1045 455 1072 “
499 1089 721 1105 .....
766 1045 866 1124 atque
889 1040 1078 1126 interrupta
1100 1040 1264 1126 profundo

221 1140 344 1257 (nflishtlv
436 1138 576 1205 “Terra
606 1140 685 1205 ferit
716 1139 870 1225 proram,1
903 1142 1069 1227 dubioque
1093 1141 1337 1220 obnoxietate,

221 1206 339 1275 Mareu)
436 1240 555 1306 “Pars
577 1241 671 1307 sedet
693 1263 761 1307 una
784 1242 874 1319 ratis,
891 1264 967 1328 pars
982 1243 1088 1309 altera
1112 1243 1268 1329 pendet
1259 1265 1294 1307 m
1318 1243 1444 1309 undisss'

389 1397 547 1465 Videntes
570 1400 675 1488 igitur
695 1403 806 1467 miseri
837 1408 950 1468 nautae
983 1403 1047 1469 sibi
1068 1404 1279 1490 naufragium
1306 1404 1440 1468 irreme-

389 1500 556 1566 diabiliter
587 1502 758 1568 imminere
795 1503 886 1588 (nam
916 1503 1074 1569 refluente
1105 1505 1189 1570 mari
1221 1504 1442 1570 succrescebat

388 1623 495 1681 arena,
512 1608 547 1669 et
568 1604 674 1691 magis
697 1605 866 1691 magisque
890 1605 1081 1671 illidebatur
1103 1606 1223 1692 prora),
1246 1605 1442 1670 exsilierunt

388 1703 425 1767 in
456 1705 618 1791 scapham,
641 1705 806 1771 salvantes
828 1706 954 1772 animas
984 1728 1068 1786 suas,
1091 1708 1171 1772 navi
1201 1708 1363 1791 rebusque
1386 1706 1441 1771 de-

388 1804 518 1884 relictis,
541 1807 681 1893 martyri
712 1806 846 1873 Thomas
869 1808 1052 1874 custodiam
1082 1809 1278 1895 delegantes
1341 1808 1440 1875 Oum-

387 1928 451 1992 que
472 1909 584 1994 procul
617 1930 638 1974 a
666 1910 746 1974 navi
779 1909 949 1996 fugissent,
974 1910 1071 1976 navis
1105 1911 1257 1976 inaudita
1290 1910 1440 1976 novitate

386 2007 550 2096 fugientes
577 2010 845 2096 subsequebatur,
869 2018 904 2076 et
936 2012 1006 2076 sine
1029 2013 1175 2077 humano
1205 2012 1326 2098 remige
1358 2011 1440 2076 ferc-

298 2110 306 2126 '
386 2110 486 2175 batur
507 2112 782 2197 appropinquans.
829 2112 926 2178 Oculi
942 2117 1054 2178 autem
1070 2134 1183 2179 eorum
1199 2113 1333 2177 interim
1349 2118 1439 2178 tene-

386 2213 515 2293 bantur,
547 2234 589 2278 ne
622 2222 837 2301 agnoscerent
868 2215 1057 2281 venientem
1099 2237 1198 2301 quam
1236 2215 1439 2301 reliquerant

385 2316 480 2381 vadis
501 2316 707 2382 insidentem
747 2317 866 2383 Velum
893 2339 1088 2404 suspensum
1112 2323 1147 2383 et
1169 2339 1229 2383 sua
1252 2340 1326 2402 quae
1342 2317 1438 2382 dimi-

385 2422 496 2483 serant
520 2417 731 2504 aspiciebant,
758 2420 815 2485 sed
842 2441 902 2485 sua
935 2442 1004 2485 esse
1030 2419 1178 2484 nondum
1201 2419 1438 2499 advertebant3

385 2541 453 2585 non
484 2519 572 2585 enim
606 2520 718 2587 ablata
739 2523 916 2608 sperabant
949 2524 1068 2589 oblata.
1130 2522 1229 2588 Unde
1256 2523 1437 2589 acclaman-

385 2626 435 2685 tes
458 2621 705 2707 interrogabant
742 2623 877 2708 quinam
909 2624 1001 2689 intus
1039 2629 1156 2702 essent,
1188 2644 1253 2708 quo
1284 2628 1319 2689 et
1348 2625 1437 2689 unde

385 2728 614 2804 vectarentur;
636 2729 670 2789 et
703 2745 771 2790 non
808 2731 880 2791 erat
917 2727 975 2811 qui
1012 2726 1231 2812 responderet.
1293 2727 1436 2811 Apemit

384 2834 497 2893 autem
519 2827 629 2894 oculos
660 2849 773 2894 sorum
805 2834 914 2894 custos
936 2830 1017 2895 navi
1041 2830 1229 2915 delegatus;
1258 2828 1353 2914 eujus
1375 2829 1436 2893 im-

385 2930 484 3015 pulsu
520 2950 542 2994 a
572 2927 717 2994 Sirtibus
752 2929 935 3007 emebatur,
975 2930 1070 3015 cujus
1104 2935 1138 2994 et
1171 2929 1330 3015 regimine
1361 2936 1437 3015 post

384 3031 541 3118 remigem
576 3053 672 3096 snum
703 3030 879 3097 ferebatur.
926 3031 1036 3117 Igitur
1064 3032 1179 3097 navim
1202 3052 1296 3096 suam
1327 3053 1435 3119 recog-

384 3134 490 3200 nitam
528 3133 712 3199 insilientes
749 3153 903 3219 prospero
935 3154 1033 3199 eursu
1070 3133 1114 3198 ad
1146 3133 1257 3199 vicum
1293 3133 1435 3211 Bristov,

384 3237 473 3301 unde
496 3239 663 3313 venerant
686 3236 809 3301 revecti
831 3240 917 3301 sunt.

557 3460 636 3546 (46.)
660 3458 709 3526 De
729 3458 815 3526 aovi
832 3456 1047 3546 periclitam-tc
1068 3455 1111 3524 isa
1132 3457 1255 3525 sabrate

215 3624 341 3692 nerring-
430 3617 633 3683 Exierant
623 3638 660 3681 m
690 3617 796 3681 altum
827 3614 885 3680 alii
917 3620 1038 3692 nautae,
1062 3636 1143 3701 quos
1174 3636 1265 3680 amor
1296 3614 1378 3680 lucn'
1401 3619 1435 3679 et

214 3692 360 3824 {22¹2oede
384 3721 494 3788 allecia
516 3720 665 3807 capiendi
689 3720 816 3806 cupido,
832 3724 1027 3805 tempusque
1049 3740 1207 3796 serenum,
1231 3718 1319 3803 qnod
1342 3717 1435 3782 blan·

214 3776 605 3902 ther1²1>⁰¹¹yr·diebatur,m
628 3823 698 3889 fata
732 3822 917 3899 trahebant,
941 3827 976 3886 et
1002 3843 1106 3907 usque
1138 3822 1174 3886 in
1197 3821 1338 3886 exitium
1361 3842 1434 3905 per-

216 3891 354 4007 mceorth
337 3876 570 4002 hetraxissent,
597 3925 662 3989 nisi
686 3923 752 4005 Qui
774 3945 842 3989 non
867 3922 943 3987 vult
964 3927 1103 3989 mortem
1128 3922 1305 4009 peccatoris
1328 3920 1433 3986 vitam

214 4022 270 4102 qcf.
274 4024 371 4076 ΒΜ·
364 4026 592 4113 pereuntium
626 4030 794 4090 servasset.
840 4023 929 4088 Nam
957 4024 1036 4088 dum
1059 4024 1162 4109 pisces
1185 4023 1341 4099 inescant,
1371 4021 1433 4085 im-

214 4088 293 4208 ¹313
295 4092 355 4221 >⁰
383 4128 561 4216 prudentes
595 4126 789 4203 inescantur,
821 4126 965 4209 dumque
988 4124 1107 4210 praedm
1138 4123 1278 4201 inhiant,
1309 4122 1435 4209 praevia

383 4232 465 4298 duce
485 4227 656 4306 aviditate,
680 4226 775 4292 vedis
797 4225 943 4291 insident
965 4231 1000 4290 et
1021 4247 1126 4311 usque
1148 4225 1192 4291 ad
1214 4225 1300 4290 foros
1331 4223 1432 4287 ferme

382 4335 630 4419 immergrmtur.
678 4328 759 4394 Erat
790 4332 901 4393 autem
925 4333 1013 4393 terra
1044 4326 1160 4413 pelago
1183 4325 1370 4401 commixta,
1394 4329 1434 4388 ut

751 4634 757 4665 ¹
771 4648 878 4699 puppes,
888 4632 955 4684 Eud.
966 4631 1062 4681 Lucan.
