3316 6240
388 748 452 817 274
723 763 900 812 erraneum
922 764 950 810 s,
972 763 1109 823 monn,
1291 748 1368 829 [mn.
1389 762 1438 809 111.

389 964 405 985 '‘
429 958 463 1015 et
486 952 618 1037 penitus
633 951 803 1016 amissises.
842 951 941 1017 Nunc
964 973 1042 1015 vcro
1058 952 1137 1014 data
1151 954 1202 1015 cst
1225 950 1307 1013 mihi
1331 956 1438 1035 potes·

391 1060 407 1087 “
429 1058 481 1116 tas
511 1074 531 1116 a
564 1052 707 1117 Domino
741 1052 892 1117 medendi
931 1053 1020 1117 tibi.’'
1066 1052 1149 1117 Haec
1181 1052 1299 1129 dicens,
1332 1059 1439 1119 erecta

390 1175 491 1219 manu
514 1153 646 1239 signum
669 1154 699 1217 ei
723 1152 838 1217 salutis
861 1154 1034 1238 impressit.
1079 1154 1134 1216 Ad
1159 1154 1252 1238 cujus
1275 1153 1439 1238 loquentis

389 1276 503 1320 vocem
526 1257 688 1321 excitatus
703 1255 895 1321 vulneratus
918 1255 954 1317 in
969 1276 1081 1320 vocem
1104 1254 1262 1339 prorupit,
1286 1264 1304 1288 “
1314 1254 1441 1320 Solvite

391 1366 408 1391 “
430 1357 548 1422 tibiam
560 1380 568 1437 ;
598 1378 696 1421 sanus
728 1378 809 1421 eum.
856 1356 978 1421 Beatus
1012 1355 1155 1420 Thomas
1178 1355 1300 1420 vulnus
1329 1377 1440 1420 meum

391 1467 407 1492 “
429 1458 584 1524 curavit.''
630 1457 738 1543 Igitur
769 1458 876 1522 soluto
898 1456 1054 1543 ligamine
1076 1457 1251 1523 inventum
1273 1463 1333 1535 est,
1356 1458 1442 1522 sieut

391 1560 528 1637 dixerat,
561 1560 683 1624 vulnus
717 1567 874 1637 cruatum,
909 1581 983 1625 crus
1019 1560 1190 1645 repentino
1228 1560 1442 1625 medicamine

390 1663 656 1749 redintegratum,
688 1684 756 1727 non
786 1662 910 1727 habens
932 1661 1110 1746 vestigium
1141 1661 1287 1726 vulneris
1322 1668 1442 1746 praeter

390 1763 592 1828 tenuissimae
625 1762 785 1829 cicatricis
807 1762 974 1827 indicium.
1021 1762 1111 1826 Hinc
1133 1762 1239 1846 liquet
1261 1763 1339 1847 quia
1361 1766 1441 1827 vota

390 1864 570 1949 exiguntur
597 1885 671 1948 quae
694 1864 836 1928 Domino
858 1866 946 1928 recte
968 1863 1228 1947 promittuntur;
1250 1863 1368 1928 melius
1390 1870 1441 1927 est

391 1967 480 2033 enirn
503 1988 571 2032 non
586 1989 706 2033 vovere
729 1988 828 2051 quam
852 1972 968 2030 votum
990 1965 1116 2031 factum
1138 1987 1206 2031 non
1228 1966 1371 2051 implere.

617 2214 697 2298 (16.)
722 2212 769 2279 Da
791 2236 857 2279 osec
879 2220 1021 2280 extracto
1044 2236 1060 2278 c
1083 2213 1224 2279 brechio.

224 2382 377 2433 marmor
435 2369 524 2437 Villa
552 2377 604 2435 cst
625 2369 714 2435 Villa
735 2369 799 2435 Dei
821 2391 842 2435 a
864 2371 979 2437 Monte
1009 2370 1122 2437 Sancti
1146 2369 1315 2436 Michaelis
1348 2370 1442 2455 quasi

225 2446 372 2565 Jfflfggt
391 2473 532 2557 septimo
554 2472 706 2538 milliario
730 2473 801 2537 sita
849 2471 924 2552 Qua
938 2473 1097 2539 Ricardus
1119 2472 1305 2538 adolescens
1319 2471 1442 2537 vulnus

226 2579 264 2631 St·
275 2580 380 2641 Michel,
392 2572 521 2658 excepit
559 2574 594 2637 in
632 2574 712 2637 rixa.
774 2573 852 2637 Post
889 2573 1102 2638 intervallum
1139 2573 1296 2658 tempon's
1341 2572 1441 2639 cadus

225 2647 369 2762 ffiffia
392 2676 460 2738 ruit
491 2675 526 2739 in
563 2673 733 2739 brachium
769 2697 833 2759 quo
868 2676 989 2739 vulnus
1023 2676 1220 2760 pertulerat;
1258 2682 1293 2739 ot
1326 2696 1441 2760 aggra-

224 2779 338 2829 hiram.
392 2783 491 2841 vante
514 2796 591 2841 casu
614 2774 717 2839 dolori
740 2775 831 2840 dolor
862 2798 936 2842 cum
959 2777 1084 2841 enormi
1114 2783 1241 2841 tumore
1273 2775 1441 2841 sucorerit.

392 2877 516 2942 Videns
553 2876 611 2962 qui
648 2876 840 2961 patiebatur
876 2884 1073 2943 renovatum
1107 2879 1228 2943 vulnus
1251 2881 1442 2962 erumpente

386 2979 458 3065 jam
492 2978 612 3056 fistula,
635 2978 760 3043 infudit
791 3000 910 3063 aquam
944 2978 1060 3043 famuli
1083 2978 1155 3057 Dei,
1178 2984 1213 3043 et
1244 2979 1442 3044 desiccatum

390 3088 441 3147 cst
479 3104 521 3147 ex
555 3088 656 3167 parte.
719 3081 861 3147 Suberat
904 3088 1015 3146 tamen
1048 3103 1146 3147 causa
1188 3081 1308 3146 doloris
1320 3106 1328 3163 ;
1364 3097 1443 3147 nam

391 3185 472 3249 ossis
505 3184 652 3249 fractura
682 3185 864 3249 cruciatum
895 3183 1048 3263 l'ovebat3
1079 3206 1177 3269 quem
1199 3206 1274 3248 cunr
1309 3189 1442 3269 putaret

392 3286 611 3352 diuturnitate
634 3286 790 3371 temporis
813 3306 906 3371 posse
937 3285 1046 3361 deleri,
1070 3292 1104 3350 et
1138 3286 1266 3351 cederet
1297 3286 1333 3351 in
1367 3306 1441 3351 con-

391 3387 539 3463 trarium,
555 3385 703 3472 contigit
717 3386 856 3471 supplex
872 3386 915 3451 ad
931 3387 1001 3451 voti
1025 3387 1213 3463 remedium,
1230 3388 1288 3451 sed
1302 3388 1441 3453 necdum

391 3492 523 3577 penitus
555 3492 685 3557 ablatus
706 3497 766 3569 est,
788 3492 939 3575 quamvis
970 3492 1105 3577 paulum
1128 3494 1307 3579 mitigatus.
1363 3493 1442 3557 Exi-

391 3592 531 3678 gebatur
556 3593 645 3657 enim
667 3592 724 3676 qui
748 3597 885 3657 voverat
906 3592 950 3657 ad
973 3592 1116 3657 laborem
1140 3594 1292 3659 voventis
1314 3598 1349 3658 et
1370 3593 1442 3658 voti

304 3732 308 3737 ·
392 3698 596 3763 solutionem.
643 3697 799 3783 Egressus
833 3698 945 3782 itaque
978 3697 1018 3762 de
1041 3698 1234 3783 cognatione
1258 3721 1326 3776 sua,
1359 3697 1441 3763 mari

391 3806 586 3877 transcurso,
614 3799 708 3864 stetit
723 3806 801 3864 ante
824 3805 1011 3884 martyrem,
1035 3806 1215 3886 martyrem
1241 3801 1442 3885 contempla-

391 3905 498 3979 batur,
530 3914 565 3969 et
586 3903 733 3970 vicissim
768 3904 961 3969 intuebatur
983 3904 1106 3968 vulnus
1132 3926 1236 3968 suum.
1283 3904 1442 3989 Martyris

391 4006 555 4072 auxilium
579 4007 674 4072 corde
696 4006 821 4071 tacitus
844 4005 1052 4091 postulabat;
1081 4005 1178 4069 vultu
1201 4026 1279 4069 vero
1310 4027 1442 4070 causam

393 4107 445 4171 sui
475 4108 638 4173 adventus
668 4108 853 4172 nuntiabat.
899 4106 989 4171 Dum
1023 4111 1095 4171 orat
1117 4110 1151 4170 et
1184 4105 1338 4170 convenit
1360 4128 1442 4191 prm-

393 4209 535 4275 sentiam
557 4208 675 4273 medici
706 4208 859 4293 potentis,
883 4209 992 4293 erupit
1015 4232 1033 4273 c
1056 4207 1191 4272 vulnere
1221 4207 1443 4293 fragmentum

393 4312 482 4387 ossis,
505 4311 557 4375 vis
588 4309 714 4375 occulta
745 4332 876 4375 eausam
900 4309 1019 4375 doloris
1053 4308 1197 4395 expellit,
1221 4317 1255 4375 et
1286 4311 1445 4375 exsiliunt

393 4436 467 4499 quae
483 4412 707 4498 impediebant
721 4411 869 4477 salutem.
902 4411 1143 4497 Obstupeseens
1157 4418 1300 4497 aegrotus
1310 4433 1444 4477 manum

393 4516 532 4581 festinus
555 4515 670 4600 injicit,
687 4520 721 4580 et
742 4514 960 4600 longitudinis
982 4515 1083 4579 senne
1100 4516 1246 4601 digitalis
1269 4538 1305 4580 os
1326 4516 1443 4590 educit,

394 4618 584 4683 videntibus
618 4617 664 4683 eis
687 4617 745 4703 qui
778 4617 822 4683 ad
844 4616 994 4683 tumbam
1016 4617 1211 4682 residebant.
1260 4618 1388 4697 Quibus
1412 4623 1446 4680 et
