3316 6240
219 979 282 1047 king
292 997 330 1030 re-

218 1047 281 1097 lutcc
292 1064 309 1097 a

219 1111 308 1163 vision.

213 3300 321 3353 charter

212 3367 363 3432 confirming

212 3434 257 3484 the
268 3433 343 3484 liber-

211 3501 259 3550 tiee
271 3498 301 3549 of

212 3562 309 3618 christ.

211 3632 306 3683 chumh

211 3698 348 3751 ccthednd.

390 781 455 843 494
724 756 903 845 urseceni
924 796 950 843 s.
974 796 1112 854 ruens,
1293 779 1374 864 [nus.
1392 792 1441 852 vr,

388 982 531 1041 stentem
554 978 717 1041 attentius
741 978 874 1042 intuens
896 978 1041 1053 subrisit,
1065 982 1099 1040 et
1121 977 1177 1055 ait,
1203 987 1219 1011 “
1235 977 1306 1042 Scis
1338 1001 1444 1063 quare

388 1085 405 1112 “
427 1077 498 1154 tibi,
536 1078 667 1143 domine
705 1079 802 1163 prior,
834 1079 988 1143 enideo?
1033 1077 1205 1142 Somnium
1239 1079 1310 1143 vidi
1344 1087 1444 1145 nocte

388 1188 403 1213 “
426 1179 495 1245 hec.
543 1180 631 1245 Nam
647 1186 805 1265 tanquam
828 1185 987 1244 venatum
1004 1202 1142 1265 pergens
1156 1180 1199 1245 ed
1214 1186 1350 1266 pontem
1366 1203 1442 1266 per-

386 1290 402 1314 “
427 1282 512 1359 veni,
538 1289 668 1347 etcum
692 1282 865 1346 trensirem
900 1281 1004 1346 fracto
1038 1286 1139 1365 ponte
1172 1281 1320 1348 decidere
1343 1283 1441 1367 ooepi.

385 1393 402 1417 “
425 1385 684 1470 Apprehendens
718 1389 829 1449 nutem
865 1405 965 1448 manu
1011 1383 1206 1461 tabulatum,
1236 1384 1358 1449 anxius
1405 1391 1443 1449 et

385 1497 401 1520 “
426 1488 504 1551 vitm
529 1487 651 1550 dubius
675 1486 715 1550 do
739 1492 839 1572 ponte
870 1485 1020 1571 pependi.
1068 1485 1113 1550 Et
1145 1508 1219 1551 cum
1251 1486 1438 1550 multorum

385 1598 400 1620 “
423 1592 610 1651 sanctorum
648 1585 776 1651 auxilia
812 1585 1062 1663 inclamitarem,
1101 1591 1263 1671 postremo
1302 1587 1441 1651 beatum

384 1696 400 1720 “
424 1686 582 1752 Thomam
621 1687 783 1753 invocavi.
844 1687 889 1751 Et
926 1709 999 1753 ecce
1020 1708 1203 1773 ‚accurrens
1237 1687 1441 1771 pendentem

384 1797 476 1852 “me
507 1810 607 1874 supro
637 1788 737 1874 podes
771 1810 860 1853 meos
892 1788 1048 1852 statuisti.
1110 1787 1155 1852 Et
1189 1809 1263 1853 cum
1296 1789 1439 1855 interro-

384 1897 400 1921 “
421 1910 533 1974 gesem
565 1909 664 1974 quem
697 1890 739 1954 ob
771 1910 903 1955 causam
936 1889 978 1954 nd
1009 1889 1116 1954 locum
1147 1888 1242 1952 illum
1280 1891 1438 1967 venissest,

384 2000 400 2024 “
423 1990 620 2076 respondisti
643 1996 677 2056 te
700 2012 766 2055 non
789 1990 831 2054 ob
854 1989 947 2055 aliud
970 1989 1098 2054 vonisse
1120 1990 1185 2054 nisi
1218 1996 1257 2055 ut
1279 1991 1439 2058 liberares

384 2103 399 2126 “
422 2116 482 2158 mo.
529 2094 570 2157 In
601 2092 654 2157 his
687 2093 780 2178 gravi
804 2091 1051 2178 expergefactus
1074 2092 1115 2156 de
1138 2113 1251 2158 somno
1281 2093 1356 2157 vise
1386 2116 1438 2159 re-

383 2204 400 2228 “
425 2194 523 2271 volvi,
547 2200 581 2259 et
612 2194 697 2280 ooepi
732 2200 870 2259 moestus
901 2214 978 2270 esse,
1002 2193 1167 2258 arbitrans
1198 2201 1232 2259 te
1255 2196 1356 2260 toedio
1379 2219 1438 2262 ex-

383 2305 399 2330 “
422 2276 635 2380 spectationis
658 2300 693 2358 et
715 2294 917 2359 circuitionis
940 2293 1085 2361 locorum
1109 2296 1263 2360 affectum
1286 2296 1330 2361 sd
1362 2319 1440 2382 pro·

383 2406 399 2431 “
423 2399 494 2482 pria
537 2398 666 2462 redisse.
724 2397 920 2482 Cogitabam
959 2396 1048 2460 enim
1087 2418 1180 2461 casus
1217 2402 1252 2462 et
1289 2399 1439 2483 pericula

382 2506 398 2530 “
422 2520 495 2581 quae
519 2497 713 2562 mortalibus
737 2497 921 2562 obveniunt
933 2520 940 2575 ;
963 2517 1037 2580 quae
1054 2497 1083 2560 si
1106 2495 1197 2573 mihi,
1222 2497 1301 2561 dum
1324 2500 1438 2565 varias

383 2599 568 2684 “regiones
595 2621 739 2685 peragro,
775 2599 895 2664 infecto
926 2598 1085 2683 promisso
1114 2599 1349 2685 contingerent,
1374 2624 1437 2688 ego

383 2710 399 2734 “
422 2701 494 2763 voti
517 2722 592 2765 reus
615 2706 651 2764 ct
673 2700 808 2767 ecclesia
830 2700 884 2765 cui
907 2704 1021 2765 teneor
1044 2722 1085 2764 ox
1108 2706 1186 2765 voto
1216 2701 1362 2766 desolate
1385 2726 1436 2768 re-

382 2810 398 2836 “
422 2800 626 2886 linqueretur
648 2802 684 2866 in
708 2808 911 2888 perpetuum.
959 2800 1058 2866 Unde
1089 2802 1249 2887 promissa
1278 2803 1436 2871 libertate

383 2914 399 2939 “
422 2926 493 2970 earn
516 2903 629 2970 dono.''

729 3132 808 3216 (dt.)
843 3131 947 3196 Oorto
969 3129 1090 3216 Repe}

426 3300 442 3326 “
458 3291 623 3356 Hemicus
645 3290 708 3355 Dei
731 3290 839 3375 gratie
869 3311 927 3353 rex
958 3288 1141 3374 Anglorum
1176 3297 1211 3354 et
1244 3290 1313 3355 dux
1347 3291 1434 3358 Nor·

381 3402 398 3428 “
422 3390 640 3457 marmorum³
685 3397 719 3455 et
764 3391 955 3474 Aquitaniae
1001 3397 1036 3455 et
1074 3413 1181 3457 comes
1217 3393 1432 3480 Andegeviae,

381 3504 398 3528 “
420 3492 678 3577 archiepiscopis,
702 3491 869 3575 episcopis,
894 3491 1077 3569 abbatibus,
1101 3493 1284 3572 comitibus,
1301 3496 1433 3562 baroni-

381 3604 397 3629 “
421 3596 490 3672 bus,
509 3588 727 3678 justitiariis,3
750 3592 1003 3670 vicecomitibus,
1027 3599 1063 3658 et
1096 3596 1248 3660 omnibus
1272 3599 1433 3664 ministris

381 3706 397 3731 “
420 3702 455 3762 et
476 3696 629 3761 fidelibus
659 3693 734 3770 suis,
759 3693 893 3759 Francis
924 3699 958 3759 et
992 3695 1118 3781 Anglis,
1142 3698 1245 3763 totius
1277 3699 1432 3786 Angues*

381 3809 397 3835 “
420 3798 569 3865 salutern.

425 3901 578 3970 “Sciatis
611 3898 698 3985 quod
729 3898 773 3964 nd
796 3898 952 3964 honorem
976 3897 1040 3963 Dei
1063 3904 1098 3967 et
1121 3921 1179 3985 pro
1203 3901 1430 3988 redemptione

380 4016 395 4039 ‘¹
419 4005 537 4070 snimae
560 4023 641 4067 mose
665 4006 700 4067 et
722 4000 825 4086 patris
847 4006 883 4064 et
904 3999 1019 4064 metris
1043 3999 1148 4065 meee⁵
1171 4006 1205 4066 et
1227 4004 1312 4088 regis
1336 4004 1428 4070 Hen-

379 4118 395 4142 “
418 4107 477 4172 rici
500 4105 555 4171 evi
577 4104 650 4181 mei,
674 4109 708 4168 et
730 4108 969 4168 antecessorum
1000 4123 1154 4180 meorum,
1177 4108 1212 4168 et
1246 4108 1428 4190 praesertim

469 4264 525 4272 ,φ
570 4260 735 4269 ,.,.-,...-.-.
749 4258 825 4267 ...φ-
835 4260 863 4265 ..-.
879 4259 920 4265 -.--
935 4258 1012 4266 ---
1023 4258 1105 4266 ...ω-μ
1136 4260 1402 4270 ——-.---——-
1418 4265 1426 4271 .

412 4350 420 4381 ¹
437 4349 552 4401 Cellatcd
565 4346 624 4397 with
641 4346 698 4398 MS.
711 4346 742 4398 C.
754 4351 784 4395 21
798 4344 824 4394 in
835 4345 877 4395 the
897 4350 902 4471 p
958 4344 969 4376 ²
984 4342 1155 4404 Normonnioe,
1168 4347 1272 4411 Rymer.

378 4429 512 4481 Cathcdral
544 4427 681 4491 Trousury,
711 4424 877 4487 Cunterbury,
956 4423 966 4455 ³
976 4425 1287 4486 justitiie,t18.tvi1pon,

377 4510 427 4557 und
444 4507 506 4555 with
523 4507 628 4570 Rymcr,
639 4504 654 4554 i.
668 4511 709 4563 40,
721 4504 804 4553 virere
820 4500 840 4551 it
857 4501 878 4551 is
898 4476 901 4533 Ι
956 4501 966 4533 ⁴
984 4501 1094 4551 Francis
1111 4537 1117 4551 .
1139 4541 1145 4553 .
1163 4505 1263 4571 duplice
1276 4507 1381 4558 omitted
1399 4507 1426 4558 iu

376 4586 476 4650 printed
498 4587 563 4636 from
586 4585 641 4636 MS.
665 4584 768 4635 Cotton.
785 4583 877 4641 Galba,
922 4581 978 4633 MS.
992 4584 1065 4634 Cant.

375 4666 405 4719 E.
416 4664 450 4716 iv.
955 4662 965 4694 ⁵
978 4664 1063 4727 patria
1076 4664 1132 4724 ruci,
1143 4665 1198 4715 MS.
1209 4664 1323 4716 Winton.
