3308 5640
392 784 458 851 396
729 797 910 849 muscum
933 801 958 847 s.
982 799 1121 860 moun,
1318 785 1396 869 [um.
1414 801 1448 850 v.

392 991 409 1019 ‘⁴
431 984 529 1060 fuere,
562 983 743 1049 intervenit
774 989 934 1069 patronus
965 983 1108 1050 ecclesia
1131 1005 1198 1070 qua
1228 985 1301 1052 haec
1322 986 1450 1054 fiebant

392 1093 410 1120 “
431 1106 507 1151 cum
530 1083 653 1151 iieario
676 1105 742 1148 suo.
791 1084 857 1166 Qui
888 1085 1078 1171 reimposito
1101 1088 1230 1151 sumine
1253 1087 1307 1152 vel
1329 1088 1449 1153 sudore

392 1195 411 1223 “
433 1187 520 1273 quod
543 1192 639 1252 extra
660 1185 782 1250 vulnus
812 1207 887 1252 cum
917 1186 1012 1250 fluxu
1042 1189 1165 1253 cruoris
1188 1190 1387 1275 erumpebat,
1412 1210 1449 1256 os

393 1297 411 1324 “
432 1288 580 1356 soissurae
602 1287 779 1354 holoserico
811 1287 868 1352 filo
898 1289 1109 1354 resarcientes
1139 1312 1192 1355 me
1223 1290 1259 1355 in
1291 1290 1375 1356 lecto
1397 1291 1448 1355 di-

393 1400 411 1427 “
433 1392 602 1468 miserunt,
634 1411 754 1455 nomen
788 1391 944 1474 martyris
978 1390 1184 1470 clamantem,
1209 1399 1243 1457 et
1276 1399 1448 1479 rogantem

393 1501 411 1529 ‘⁸
433 1493 521 1579 quod
544 1493 586 1558 ad
608 1490 698 1557 buno
720 1491 828 1558 locum
844 1498 995 1557 sanctum
1018 1499 1267 1580 transportamr
1316 1495 1372 1560 Sic
1394 1495 1447 1558 di-

393 1602 411 1630 “
432 1593 566 1660 missam
589 1593 625 1657 in
648 1593 790 1659 crastino
813 1593 925 1658 videre
948 1594 1097 1660 volentes
1119 1595 1242 1660 vulnus
1264 1617 1331 1661 non
1354 1597 1448 1662 inve-

393 1704 411 1737 “
432 1701 563 1760 nerunt
621 1694 690 1782 Ego
728 1700 840 1760 autem
846 1668 1017 1760 ‘sentiens
1049 1696 1129 1781 quia
1161 1703 1289 1782 martyr
1320 1699 1449 1784 magni-

394 1806 411 1834 “
433 1797 563 1864 fioasset
596 1818 724 1864 mecum
758 1796 1014 1862 misericordiam
1042 1817 1143 1874 suam,
1177 1799 1268 1883 (narn
1299 1799 1448 1865 scissurae

393 1909 411 1937 “
433 1905 500 1966 tres
515 1899 613 1986 digiti
629 1904 783 1985 poterant
799 1898 959 1984 immitti)
977 1899 1154 1965 sanitatem
1171 1900 1238 1986 [ut]
1255 1898 1291 1964 in
1306 1922 1341 1965 re
1352 1900 1448 1966 erat¹

394 2011 411 2038 “
433 2023 513 2068 vocs
536 2001 690 2067 testabar.
737 2000 820 2068 Haec
843 2000 1019 2066 recitamus
1035 2021 1109 2086 quae
1131 2007 1225 2086 gesta
1247 2009 1334 2080 sunt,
1357 2004 1450 2068 veni-

394 2110 525 2170 “entes
560 2126 582 2170 a
611 2103 693 2169 villa
724 2103 1027 2180 Huntclaventona,
1063 2093 1103 2167 ut
1136 2103 1365 2190 magnificetur
1391 2128 1450 2191 per

395 2216 532 2293 “quem
564 2211 657 2293 gesta
688 2211 786 2286 sunt;
819 2226 1038 2292 rogamusque
1070 2205 1169 2271 citius
1201 2206 1335 2284 dimitti,
1369 2207 1451 2293 quia

395 2318 412 2346 ‘⁴
434 2308 644 2374 venientibus
667 2307 767 2394 longa
788 2307 897 2394 spatia
919 2306 1111 2392 transmissa
1131 2314 1218 2385 sunt,
1234 2314 1269 2373 et
1291 2309 1450 2394 repatria

394 2421 412 2450 “
435 2411 520 2478 turis
543 2432 610 2477 non
632 2410 784 2476 breviora
808 2383 1092 2476 transmittenda?

226 2507 385 2636 ξῐοξξῗξὴὲῑ
440 2514 617 2599 Postquam
640 2512 712 2579 haec
734 2534 793 2598 per
814 2512 1029 2598 interpretem
1052 2517 1180 2597 patrem
1201 2511 1311 2579 locuta
1332 2513 1450 2592 fuerat,

227 2640 346 2692 „mm
367 2609 513 2682 ’mulier
549 2614 661 2691 altera,
700 2613 863 2679 modestia
901 2612 1077 2679 matronali
1109 2613 1247 2678 verbum
1286 2613 1450 2692 cohibens,

227 2704 377 2826 w&
395 2717 566 2802 sciensque
598 2739 633 2783 se
659 2716 732 2781 viro
765 2715 951 2802 subjeetum
978 2721 1013 2780 et
1044 2737 1086 2780 ex
1108 2716 1181 2781 viro
1214 2716 1344 2794 saetam,
1368 2718 1451 2803 quid

395 2841 455 2960 pm
477 2842 511 2885 se
534 2819 587 2883 vir
609 2840 689 2884 suus
718 2817 907 2903 loqueretur
933 2822 1124 2903 exspectare
1147 2816 1256 2903 coepit.
1303 2818 1369 2898 Qui
1391 2819 1449 2897 ait,

396 2922 531 2989 “Uxor
562 2942 636 2987 mea
666 2941 766 3009 quam
798 2918 1197 3005 vides,f1ater,Sygerid
1227 2920 1368 2998 nomine,
1392 2943 1451 3006 per

397 3035 414 3063 ‘⁴
436 3024 607 3091 biennium
639 3021 787 3088 mamilla
820 3021 954 3087 sinistra
992 3020 1159 3086 sinistram
1191 3020 1312 3087 fistulae
1346 3024 1450 3109 patie-

397 3139 414 3166 “
436 3129 535 3195 batur
557 3127 708 3202 eluviem,
732 3131 767 3190 et
793 3145 868 3190 cum
900 3122 1047 3188 multa
1038 3145 1074 3187 m
1105 3123 1246 3189 medicos
1278 3130 1450 3210 erogasset,

397 3241 414 3268 ¹‘
437 3237 471 3296 et
504 3229 589 3293 nihil
621 3227 818 3314 profecisset,
841 3225 885 3290 ad
917 3246 1032 3290 verum
1064 3224 1227 3290 medicum
1260 3226 1451 3311 confugiens

398 3331 619 3397 “remedium
650 3329 809 3394 exhibitae
840 3327 1026 3393 devotionis
1049 3327 1205 3392 obtinuit
1256 3326 1337 3402 ‚Non
1360 3328 1449 3413 enim

397 3443 563 3498 “sacrum
586 3432 675 3496 hunc
701 3430 869 3516 liquorem,
893 3450 991 3514 quem
1022 3427 1185 3514 peregrini
1207 3427 1450 3506 circumferunt,

398 3533 548 3598 “fluidis
578 3529 794 3597 foraminibus
831 3531 1048 3602 irreverenter
1081 3529 1212 3606 infudit
1247 3528 1304 3593 sed
1341 3529 1450 3595 tribus

398 3645 416 3673 “
438 3635 554 3701 diebus
573 3633 729 3720 jejunans
751 3637 786 3698 et
815 3631 922 3696 tribus
953 3631 1061 3696 missis
1093 3629 1311 3696 inhonorem
1343 3633 1448 3697 saneti

398 3737 608 3805 “celebratis
631 3736 799 3821 liquamen
822 3740 973 3801 sanctum
996 3753 1017 3797 a
1040 3737 1153 3799 sancto
1176 3733 1276 3798 calice
1299 3755 1358 3819 per
1379 3754 1448 3799 ma-

398 3852 415 3881 “
437 3864 518 3907 num
542 3837 718 3907 sacerdotis
748 3836 882 3922 aceepit,
906 3840 941 3900 et
970 3829 1044 3920 ipsa
1073 3834 1155 3900 hora
1177 3835 1301 3900 sanitas
1324 3835 1355 3900 ei
1377 3858 1448 3920 per-

399 3945 539 4010 “venit
595 3941 763 4008 Posuimus
786 3940 899 4023 itaque
921 3944 956 4003 et
978 3959 1038 4003 nos
1061 3936 1236 4004 matricula
1257 3937 1392 4003 inscribi
1416 3945 1450 4002 et

399 4059 415 4083 ‘⁸
438 4047 537 4115 citius
569 4044 704 4121 dimitti,
731 4064 772 4107 ne
804 4046 916 4106 noster
949 4040 992 4105 ad
1026 4039 1159 4125 propria
1189 4037 1314 4103 reditus
1346 4039 1448 4123 impe-

399 4161 415 4185 “
439 4150 557 4226 diatur,
586 4146 664 4232 quia
696 4145 736 4210 de
769 4141 934 4209 territorio
969 4139 1192 4208 Heboracensi
1225 4140 1362 4225 profecti
1395 4163 1449 4205 su·

400 4260 415 4287 “
438 4250 537 4316 mus.’'

781 4574 789 4606 ¹
807 4572 947 4625 Interlined
959 4571 985 4622 in
998 4573 1054 4624 MS.
