3316 6240
43 1278 50 1293 ·
223 1286 287 1335 um.
303 1270 355 1355 u]
425 1283 585 1334 lucrosa
606 1283 786 1333 unumne
810 1283 1072 1333 crurummrsr
1211 1270 1275 1332 223

225 1482 242 1509 “
264 1474 380 1549 valuit,
396 1495 464 1538 non
485 1495 545 1559 per
559 1472 735 1538 intervalla
757 1477 950 1557 temporum,
966 1473 1024 1537 sed
1046 1472 1275 1538 incontinenti.

226 1584 244 1610 “
267 1576 354 1661 Ergo
376 1581 520 1641 scrutare
543 1574 719 1659 diligenter
741 1596 890 1639 excessus
913 1580 988 1639 tuos
1011 1596 1122 1639 omnes
1146 1581 1180 1639 et
1202 1596 1277 1639 oon-

226 1686 244 1712 “
265 1678 378 1755 fitere;
400 1676 493 1741 salva
515 1677 671 1753 animum,
695 1682 729 1741 et
751 1677 930 1742 salvaberis
953 1677 989 1741 in
1019 1699 1157 1761 corpore,
1183 1679 1276 1741 dum-

225 1790 244 1851 ‘.‘
266 1783 362 1848 modo
389 1782 429 1846 de
454 1782 677 1847 misericordia
706 1782 768 1846 Dei
800 1783 944 1847 confidas
967 1788 1002 1845 et
1024 1783 1149 1846 meritis
1172 1784 1278 1848 sancti

228 1896 244 1922 “
267 1887 422 1971 martyris
434 1911 441 1965 ;
472 1909 569 1971 quem
592 1893 687 1952 tanto
709 1887 773 1950 tibi
796 1888 981 1971 proniorem
1007 1887 1155 1950 invenies
1178 1909 1278 1951 exau·

227 1996 244 2022 ⁴‘
268 1987 414 2063 ditorem,
439 1993 563 2071 quanto
590 1987 652 2050 tibi
684 1993 833 2051 veterum
856 1988 1077 2051 amicitiarum
1109 1986 1278 2051 familiari-

228 2100 245 2126 “
268 2097 338 2157 tate
360 2091 552 2177 perhibetur
576 2092 741 2156 exstitisse
766 2091 970 2175 conjunctior
994 2094 1073 2155 dum
1096 2099 1278 2177 superesset

228 2201 246 2228 “
268 2194 304 2257 in
327 2194 487 2278 corpore.''
536 2194 687 2259 Credidit
709 2215 823 2269 comes,
841 2198 875 2256 et
896 2193 1019 2257 factum
1044 2201 1094 2257 est
1110 2195 1140 2257 ei
1163 2216 1276 2259 secun-

225 2297 305 2362 dum
328 2297 426 2361 fidem
450 2319 552 2362 suam.
1130 2370 1136 2379 ,

270 2399 358 2464 Nam
382 2406 557 2484 postquam
584 2399 678 2473 bibit,
704 2399 803 2461 unius
826 2398 1031 2462 infirmitatis
1063 2400 1277 2464 accessionem

226 2499 360 2564 transiit
382 2500 504 2583 absque
538 2498 697 2561 molestia.
744 2497 906 2562 Similiter
928 2507 963 2563 et
985 2499 1140 2579 alterius3
1163 2506 1197 2564 et
1220 2501 1276 2585 qui

228 2622 297 2665 non
318 2600 383 2663 nisi
409 2606 548 2663 mortem
572 2600 791 2683 exspectabat,
815 2598 900 2665 lecto
935 2601 1138 2675 decumbens
1163 2603 1209 2667 sic
1232 2601 1278 2666 al·

227 2701 370 2767 leviatus
410 2707 460 2763 est
482 2706 522 2764 ut
554 2721 637 2783 equo
661 2701 807 2765 insidens
839 2702 882 2764 ad
904 2701 1003 2765 aliam
1034 2702 1149 2766 villam
1187 2726 1280 2768 suam

231 2802 469 2887 digrederetur.
501 2801 678 2883 Supererat
694 2802 802 2865 adhuc
824 2801 999 2863 infirmitas
1016 2823 1081 2884 qua
1104 2826 1161 2887 per
1184 2805 1279 2885 quin-

231 2904 336 2967 decim
360 2924 463 2965 annos
487 2902 700 2965 laboraverat.
748 2902 901 2984 Namque
936 2903 1110 2985 corporalis
1144 2906 1281 2968 uecessi-

230 3003 310 3067 tatis
343 3000 549 3084 receptacula
580 3001 665 3084 lapis
697 3002 832 3066 innatus
870 3002 1070 3079 obstruebat,
1110 3004 1278 3101 urinaeque

230 3101 414 3186 negabatur
437 3121 591 3183 egressus.
637 3101 682 3164 Et
704 3101 791 3166 facta
814 3110 864 3167 est
887 3104 930 3168 ad
953 3104 1109 3189 majorem
1139 3106 1278 3193 gloriam

232 3202 387 3286 martyris
403 3202 508 3284 major
530 3200 673 3266 hominis
688 3205 831 3280 vexati0,
856 3205 963 3289 qualis
985 3229 1052 3270 non
1075 3209 1141 3273 fuit
1164 3210 1278 3274 multis

232 3313 320 3372 retro
358 3307 481 3369 diebus.
528 3306 616 3369 Nam
654 3308 845 3371 subsidebat
878 3331 898 3372 a
935 3311 1068 3374 renibus
1096 3314 1131 3375 in
1153 3315 1280 3400 virgam

233 3407 362 3471 virilem
396 3406 560 3490 profluens
599 3406 739 3490 lapillus,
764 3413 798 3471 et
820 3429 923 3492 usque
955 3409 998 3472 ad
1029 3411 1147 3474 finium
1170 3415 1281 3479 urina·

231 3511 356 3576 nalium
380 3509 574 3594 perveniens
605 3511 850 3574 extremitatem
885 3513 1093 3595 prominebat
1115 3538 1157 3578 ex
1181 3524 1282 3601 parte,

232 3633 300 3677 non
333 3611 466 3697 penitus
501 3610 645 3674 inclusus
677 3612 730 3675 vel
762 3610 920 3675 exclusus
967 3614 1144 3679 Naturales
1172 3617 1284 3703 itaque

232 3712 360 3779 canales
383 3712 526 3775 obstrusi
549 3711 763 3775 intentabant
785 3718 932 3787 mortem,
964 3713 1056 3778 dolor
1094 3720 1284 3784 excrucians
1313 3752 1315 3757 ·

233 3838 362 3882 omnem
396 3835 488 3899 spem
511 3812 629 3877 salutis
659 3814 834 3878 adimebat.
883 3814 971 3893 Quid
994 3816 1096 3882 iaciat
1118 3828 1284 3905 aegrotus?

234 3918 337 3999 Quod,
374 3914 518 3989 Gabene,
558 3914 617 3977 das
671 3915 868 3979 eonsilium?
930 3915 1034 3994 Quod,
1069 3918 1283 4001 Quintiliane,

232 4019 437 4085 remedium?
482 4016 519 4080 Si
543 4016 695 4080 subulam
719 4023 910 4103 argenteam
933 4019 1090 4084 subtilem
1114 4027 1148 4087 et
1170 4032 1283 4090 rotun-

233 4122 318 4195 dam,
341 4126 375 4183 et
398 4120 434 4181 in
456 4118 563 4203 capite
579 4118 721 4202 planam,
744 4140 848 4202 paras,
873 4119 951 4182 dum
976 4122 1137 4186 conflatur
1153 4132 1186 4189 et
1209 4150 1282 4211 pro-

233 4222 366 4289 cuditur
388 4226 569 4304 argentum,
594 4242 681 4283 mors
712 4220 809 4295 subit,
833 4225 893 4283 aut
915 4228 1019 4285 morte
1043 4226 1196 4308 graviora
1218 4230 1283 4293 dis-

233 4322 372 4389 crimina
403 4326 544 4384 centum.
593 4320 631 4384 Si
668 4326 768 4404 caput
802 4321 924 4384 infirmi
956 4324 1097 4407 supinas,
1122 4328 1283 4413 pedesque

233 4423 412 4510 suspendis,
445 4421 474 4484 si
506 4420 727 4507 chirurgiam¹
758 4444 881 4507 gnarus
904 4423 1067 4500 adhibeas,
1093 4435 1131 4490 ut
1161 4430 1283 4495 calculo

232 4532 394 4607 reseretur
427 4546 582 4609 egressus,
606 4523 821 4588 nihilominus
856 4525 899 4588 ad
922 4532 1059 4590 mortem
1082 4531 1211 4613 patebit
1233 4534 1283 4596 in-

233 4630 361 4694 troitus.
401 4626 510 4711 Igitur
525 4625 726 4690 constitutus
742 4626 777 4687 in
793 4632 892 4702 arcto,
908 4627 1107 4714 fluctivagus
1123 4632 1158 4694 in
1174 4636 1282 4699 medio

235 4730 421 4813 Charybdis
436 4734 471 4792 et
494 4726 637 4812 Scyllae2
659 4728 883 4813 naufragabat,
900 4735 934 4792 et
957 4738 1094 4795 mortem
1118 4734 1284 4801 declinans

238 4831 274 4893 in
296 4829 427 4913 laqueos
450 4830 584 4913 praeviae
608 4830 722 4893 mortis
745 4830 788 4894 ob
811 4831 960 4914 patisos³
983 4833 1156 4899 incidebat.
1204 4838 1283 4901 Non

271 5061 279 5091 ¹
297 5061 438 5123 cirurgica,
449 5058 505 5109 MS.
815 5060 947 5109 'aaaron
966 5063 1101 5114 interlined
1122 5066 1149 5115 in
1169 5069 1236 5132 MS,
1255 5087 1283 5123 as

271 5136 413 5188 ²Caribdr'e
430 5173 437 5186 .
455 5174 461 5187 .
477 5136 553 5196 Silla,
564 5138 622 5190 MS.
785 5140 961 5205 explanatory.
