3316 6240
221 1262 287 1311 nra.
304 1246 355 1329 n]
425 1259 584 1310 nuorosr
607 1258 787 1308 manno
810 1255 1073 1305 cmrumrassr.
1209 1239 1272 1300 221

220 1465 333 1510 corum
355 1445 391 1508 in
414 1408 563 1510 ecclesia·
571 1444 729 1509 Omnium
754 1443 950 1507 Sanctorum
979 1437 1195 1513 ministranti,
1217 1435 1275 1522 qui

222 1546 328 1631 ipsius
365 1551 559 1631 praesentem
591 1552 625 1610 et
658 1543 862 1630 praeteritum
902 1546 1027 1606 statum
1066 1538 1276 1604 considerans

226 1647 387 1710 mundum
410 1646 616 1732 parochianis
641 1645 710 1709 suis
732 1643 990 1730 pronuntiabat3
1020 1647 1054 1705 et
1075 1640 1276 1727 glorificatus

226 1753 278 1811 est
301 1747 462 1813 Dominus
485 1748 520 1810 in
543 1752 688 1832 martyre
710 1766 777 1810 suo.

498 1987 577 2071 (59.)
601 1986 650 2052 De
672 1984 897 2050 Hiberaieose
920 1984 1053 2070 leproso.

273 2140 467 2206 Excubabat
490 2140 641 2206 Sitrieius
668 2141 709 2206 de
743 2139 853 2205 media
883 2140 1013 2224 regione
1038 2139 1219 2224 Hyberniae
1228 2138 1279 2304 diil}
1291 2155 1420 2271 ssolgpffe·

226 2241 458 2307 Cantuariensi
497 2242 638 2320 ecclesia,
678 2249 712 2307 et
749 2242 911 2327 collapsus
949 2241 984 2302 in
1018 2262 1168 2304 somnum
1192 2240 1227 2304 vi
1291 2286 1434 2336 ,mim

229 2342 362 2408 beatum
394 2343 554 2409 Th0mam
585 2344 741 2429 pastorali
773 2343 868 2429 virga
905 2364 939 2406 se
976 2343 1222 2426 percutientem,
1246 2349 1429 2429 etfqrmedor

228 2444 391 2510 dicentem
416 2445 527 2510 “Heri
550 2468 613 2511 aere
636 2444 720 2510 nech
743 2442 901 2521 flantu,”¹
935 2444 1023 2528 quod
1046 2449 1097 2508 est
1119 2443 1278 2528 interprc-
1292 2419 1447 2534 2¹25&an

229 2550 345 2622 tatum,
382 2546 513 2631 “Surge
545 2545 781 2631 Hybernensis,
816 2567 915 2610 sanus
949 2544 1010 2610 es.”
1070 2544 1166 2625 Quod
1204 2567 1279 2611 oum

229 2646 374 2723 dixisset)
390 2648 433 2711 ad
456 2648 602 2713 ooelestia
624 2648 764 2723 recessit,
788 2660 854 2713 tres
878 2669 986 2712 cereos
1003 2649 1205 2732 subsequens
1220 2648 1278 2731 qui

230 2747 260 2811 ei
298 2747 333 2810 in
365 2749 559 2833 obsequium
593 2749 857 2833 praeferebantur.
914 2749 1037 2812 Eadem
1061 2749 1164 2832 igitur
1186 2755 1281 2813 nocte

229 2849 329 2914 facies
351 2850 486 2933 turgida
515 2850 671 2923 subsedit,
695 2870 811 2911 nasum
843 2848 1003 2912 naturalis
1035 2848 1196 2911 modestia
1229 2869 1280 2912 co-

232 2949 351 3024 hibuit,
383 2950 525 3033 pustulae
561 2950 782 3034 prominentes
815 2949 1035 3013 decreverunt
1083 2948 1180 3012 Mane
1203 2970 1280 3013 vero

233 3056 391 3132 tanquam
414 3049 499 3113 alter
519 3049 676 3114 fratribus
698 3049 940 3134 elephantiosus
962 3050 1124 3135 apparuit.

516 3283 594 3366 (60.)
618 3282 666 3347 De
687 3282 830 3348 erudiere
852 3282 991 3367 leprosa.

280 3434 401 3498 Mulier
416 3435 562 3513 Mabilia,
587 3458 662 3521 quae
686 3437 767 3502 villa
790 3437 983 3524 Dudcleghe
1000 3439 1185 3503 conversari
1207 3459 1282 3503 con·
1296 3448 1381 3498 Mabel
1393 3450 1424 3500 of

236 3542 395 3611 sueverat,
431 3537 545 3601 eadem
579 3537 774 3603 infirmitate
809 3540 952 3616 detenta,
988 3540 1101 3604 eodem
1136 3514 1414 3631 ematoreffifflfssf

236 3636 326 3721 cepit
348 3637 553 3702 infirmitatis
575 3631 764 3703 remedium.
1296 3646 1404 3710 leprosy.

519 3872 598 3956 (61.)
623 3871 670 3936 De
692 3868 835 3938 erudiere
856 3871 993 3957 leproso.

280 4023 383 4089 Taceo
398 4023 570 4089 mulierem
585 4025 625 4089 de
642 4024 788 4101 Lictune,
805 4046 886 4110 quae,
911 4046 984 4100 cum
1000 4046 1058 4109 per
1073 4024 1201 4109 aliquot
1216 4026 1284 4090 dies
1297 4034 1365 4085 Cure
1376 4034 1430 4083 ora

236 4123 323 4189 circa
346 4125 496 4189 tumbam
520 4126 676 4210 martyris
705 4146 793 4209 aqua
815 4125 960 4209 ejusdem
983 4124 1138 4207 martyris
1161 4125 1284 4209 lepram
1297 4100 1439 4230 {gfflssf

237 4246 332 4289 suam
356 4224 547 4289 diuturnam
571 4230 605 4289 et
627 4225 780 4290 undecim
803 4226 899 4289 annis
930 4226 1170 4289 corroboratam
1193 4226 1286 4288 abiu-

238 4326 326 4403 isset,
342 4326 385 4391 ad
402 4327 534 4412 propria
548 4331 717 4391 revertens
733 4327 911 4393 curationis
935 4348 1002 4391 suae
1025 4326 1141 4391 retulit
1156 4326 1286 4392 indicia.
1325 4361 1333 4376 ·

518 4551 598 4635 (62.)
622 4550 670 4615 De
692 4551 835 4618 insite-re
858 4551 993 4639 lep-rosc.

285 4706 389 4771 Taceo
406 4707 581 4771 mulierem
621 4712 705 4771 natu
742 4707 1049 4792 Rothomagensem,
1069 4711 1287 4785 mundatam,
1299 4711 1365 4762 cure
1376 4713 1406 4763 of
1414 4730 1430 4764 a

238 4806 407 4889 superficie
423 4813 519 4871 tenus
536 4814 646 4871 tamen
662 4807 802 4893 vestigia
817 4809 1040 4872 mundationis
1055 4816 1284 4873 reservantem.
1297 4794 1397 4895 iffi?
1409 4780 1438 4829 of

234 5038 244 5053 “
272 5033 280 5064 ¹
297 5033 352 5084 The
372 5032 453 5082 editor
465 5033 511 5082 has
522 5036 587 5084 been
598 5034 689 5101 kindly
700 5037 738 5085 in-
789 5037 937 5098 Eirionacle‚
949 5037 1041 5099 strata,
1053 5041 1093 5088 ie.
1109 5038 1287 5101 “Rise,1rish-

239 5114 337 5163 formcd
348 5111 404 5161 that
414 5111 465 5161 this
475 5112 553 5177 ought
562 5121 588 5162 to
596 5113 738 5178 bcEiriyla,
791 5121 805 5145 ‘⁶
819 5132 887 5179 man,
899 5116 1012 5167 hessos·
