3316 6240
381 674 445 733 542
717 688 895 735 minaeum
918 688 943 734 s,
967 687 1104 746 ruens,
1301 672 1388 755 [ara
1409 687 1456 735 rr.

381 918 482 1001 (165.)
510 916 678 998 Quorrmlo
701 918 830 981 lauretus
852 921 896 980 est
929 922 1063 1000 nmrtyr
1088 914 1235 981 Thomas
1258 915 1305 981 dc
1326 918 1453 1003 priore

463 1018 554 1103 sirete
578 1026 650 1103 post
672 1025 814 1082 nicetem
836 1038 936 1083 saum
958 1016 1002 1081 ia
1025 1016 1279 1083 cammieast
1305 1038 1450 1083 neonae-

469 1122 560 1199 lerio,
593 1122 783 1215 (remeando,
807 1127 835 1187 et
859 1120 899 1186 (le
928 1121 1076 1206 qrwrlcm
1101 1120 1173 1186 olto
1205 1142 1283 1187 aon
1308 1144 1448 1208 pronio-

469 1227 580 1293 erade.

211 1398 249 1447 si.
262 1398 330 1447 'rua
425 1383 566 1462 Quidam
594 1383 732 1448 fratrum
756 1383 1005 1448 Cantuariensis
1027 1382 1170 1448 eeclesias
1202 1388 1369 1448 oratums
1399 1384 1445 1449 ad

211 1466 343 1579 Ξῇζξῗξ
379 1486 526 1548 tumbam
559 1485 714 1568 martyris
746 1485 888 1559 Tlmmm,
919 1485 1065 1549 nondum
1096 1484 1168 1549 luce
1199 1484 1443 1550 miraculorum

212 1597 287 1644 mons
302 1596 343 1645 the
378 1586 585 1659 coruscantis,
609 1586 737 1649 circiter
768 1585 883 1649 horam
916 1585 982 1649 diei
1016 1585 1150 1648 tertiam
1185 1586 1273 1649 ostia
1309 1592 1442 1681 cryptae

211 1664 321 1788 ffiffid
332 1662 362 1709 ⁰s
377 1708 475 1770 super
490 1710 523 1748 se
547 1685 673 1749 elausit.
713 1686 778 1765 Qui
802 1692 969 1770 cumpost
990 1707 1123 1771 precum
1139 1686 1442 1770 multiplicationes

216 1792 298 1879 [9¹¹9]
314 1794 344 1840 ef
378 1794 629 1871 conquereretur
645 1788 732 1871 quod
757 1788 827 1851 sine
850 1788 1008 1873 martyris
1024 1788 1240 1872 dispositione
1258 1788 1334 1873 jam
1349 1791 1441 1874 prior

211 1860 315 1983 fflffi,
378 1890 521 1954 ecclesiia
545 1889 776 1953 (bnamiensi
809 1888 1029 1974 praeficeretur
1052 1889 1110 1973 qui
1143 1889 1215 1973 ejus
1247 1890 1344 1953 oneri
1376 1892 1440 1955 sub

212 1994 260 2040 ²1¹¹‘l
274 1990 352 2055 sigui.
379 1991 541 2076 impacato
565 1997 710 2074 tompore
733 2012 867 2054 manum
901 1992 1135 2075 compassionis
1158 2013 1226 2055 non
1249 1994 1437 2078 supposuit,

211 2058 349 2171 {Jssffla
377 2114 438 2157 nee
461 2114 518 2176 pro
542 2093 637 2155 ‹lorno
661 2092 723 2155 llei
747 2114 877 2155 murum
901 2093 1063 2176 opposuit,
1087 2092 1175 2155 uixit
1197 2100 1334 2158 sanctus
1358 2096 1438 2179 (pria

213 2204 346 2303 rssffffltb
378 2194 439 2255 sibi
464 2215 670 2258 successurus
703 2193 964 2277 archiepiscopus
999 2200 1168 2257 amoveret
1189 2216 1273 2257 eum.
1337 2194 1436 2274 Quod

212 2270 306 2368 {fiosffi
317 2270 360 2367 ine
379 2303 413 2359 et
429 2294 523 2378 re[i]¹
550 2295 702 2379 probavit
725 2294 866 2357 etl'ectus.
931 2294 1016 2357 Nam
1046 2294 1147 2378 juxta
1178 2294 1265 2378 quod
1298 2302 1435 2361 sanctus

212 2386 251 2433 ll*
263 2388 341 2434 ml·
380 2397 518 2461 dixerat.
535 2396 730 2479 ‹prilmsilam
747 2396 852 2459 causis
876 2396 1148 2459 intercidentibus
1169 2396 1234 2459 alio
1250 2397 1435 2462 translatus

212 2502 321 2549 (noua
381 2504 438 2571 est,
463 2504 496 2559 et
522 2497 622 2559 alibas
646 2502 821 2579 prrmrotus.
869 2495 942 2574 Quo
965 2502 1075 2559 anroto
1098 2497 1292 2560 nitebantur
1314 2496 1435 2562 fratres

211 2582 330 2681 ffiffof
379 2606 418 2661 ut
443 2599 562 2682 dignus
579 2603 612 2660 et
635 2598 751 2660 merito
775 2598 855 2661 vitre
878 2597 1145 2662 commendabilis
1169 2598 1257 2682 prior
1281 2600 1432 2663 unanimi

213 2699 304 2775 niele,
378 2722 535 2764 consensu
560 2700 831 2776 corrstitueretur3
853 2698 1121 2783 archiepiscopus,
1145 2704 1185 2761 ut
1206 2720 1265 2762 suo
1288 2700 1433 2779 nomine,

211 2765 365 2893 ῗῖυᾱᾱὲᾟᾞ
379 2804 461 2868 eitra
483 2801 727 2866 conniventiam
752 2801 899 2876 fratrum,
926 2805 1179 2885 promoveretur.

213 2896 354 3011 Qedliffl'f
424 2904 625 2968 Sulrstiterat
648 2910 758 2967 autem
790 2903 891 2966 frater
914 2908 1118 2987 praetaxatus
1141 2909 1215 2987 post
1246 2907 1433 2967 nocturnas

240 2999 245 3009 ’
275 3000 280 3010 ’
327 2984 364 3012 '³‘
381 3007 510 3091 vigilias
541 3007 583 3070 ml
619 3004 813 3089 peculiarem
852 3004 1041 3068 orationem.
1100 3004 1155 3067 Ad
1193 3025 1289 3087 quem
1329 3004 1434 3068 frater

379 3109 543 3183 accedens,
567 3108 660 3191 eujus
683 3106 830 3170 excubiis
854 3106 1088 3170 monasterium
1114 3104 1353 3170 Cantuariense
1376 3106 1433 3170 de-

380 3212 567 3295 putabatur,
592 3213 742 3294 prorupit
764 3208 800 3271 in
823 3230 943 3284 vocem,
968 3208 1078 3273 dicens
1101 3207 1180 3291 quia
1210 3207 1263 3271 die
1286 3208 1433 3273 crastina

380 3313 468 3396 prior
491 3312 646 3375 fratrilms
670 3310 889 3394 prrefieeretur
920 3310 1042 3373 invitis.
1091 3308 1294 3372 Existimans
1316 3316 1432 3373 autem

380 3415 458 3496 quia
492 3413 625 3495 <pilulam
659 3410 899 3494 promovendus
922 3417 1008 3473 esset
1030 3432 1127 3494 quem
1151 3432 1259 3475 sermo
1282 3410 1433 3495 vulgaris

381 3513 621 3577 interventione
653 3511 797 3573 sordium
832 3511 874 3574 ad
907 3510 968 3576 hoc
1000 3513 1159 3596 aspirasse
1192 3512 1432 3596 percrebuerat,

380 3615 489 3700 erupit
505 3615 539 3677 in
555 3614 723 3698 lacrymas,
741 3619 775 3676 et
798 3613 832 3676 in
848 3613 987 3677 tristitia
1009 3615 1146 3677 tendens
1169 3614 1211 3677 ad
1234 3614 1341 3678 locum
1366 3636 1433 3699 quo

380 3717 574 3801 martyrium
609 3716 725 3779 leatus
757 3714 898 3777 Thomas
937 3714 1125 3798 pertulerat,
1160 3715 1247 3778 inter
1284 3716 1430 3779 curulum

380 3821 517 3895 audivit,
553 3819 658 3881 “Non
682 3817 744 3880 erit
768 3816 821 3879 ille
836 3816 860 3894 ;''
892 3816 1045 3899 loquente
1081 3818 1116 3880 in
1139 3838 1176 3880 eo
1207 3817 1325 3901 spiritu
1348 3819 1431 3881 adeo

381 3923 552 3986 maniliste
601 3928 635 3983 et
673 3940 823 4003 expresse
861 3923 900 3979 ut
937 3918 1063 4002 aliquid
1104 3917 1346 4001 intelligibilius
1395 3928 1431 3984 et

381 4024 585 4088 manifestius
608 4027 706 4085 antea
729 4020 863 4082 minime
887 4020 1089 4104 percepisset.
1138 4019 1283 4083 Verbum
1307 4021 1430 4106 quippe

381 4127 469 4211 quoil
494 4125 644 4190 auditum
669 4122 775 4207 aperit
807 4128 841 4185 et
868 4121 987 4185 habere
1021 4122 1166 4185 sonitum
1199 4123 1312 4198 nescit,
1335 4124 1428 4208 cujus

384 4230 512 4292 interna
529 4225 740 4310 inspiratione
757 4245 811 4287 eor
826 4223 968 4285 lionrinis
991 4224 1146 4308 aperitur,
1170 4229 1204 4287 et
1227 4225 1297 4289 sine
1320 4224 1429 4289 verbis

384 4335 418 4395 ot
440 4330 576 4414 syllabis
603 4329 762 4401 edocetur,
787 4325 982 4409 loquebatur
1014 4349 1072 4411 per
1095 4348 1136 4403 se,
1161 4327 1323 4411 quomodo
1354 4326 1428 4413 Spi-

758 4572 764 4603 ¹
784 4574 793 4621 i
805 4572 938 4623 interlined
950 4573 975 4621 in
989 4574 1045 4623 MS.
