3316 6240
369 746 434 808 414
572 834 575 838 Ι
703 760 883 808 urracam
906 762 930 809 s.
954 759 1093 820 raons,
1273 744 1351 827 [ars.
1371 761 1417 807 vr.

369 949 532 1014 “ducens
566 949 679 1024 vitam,
710 969 850 1033 magnus
880 949 961 1013 satis
991 954 1026 1012 et
1056 947 1157 1024 dives,
1188 954 1289 1012 notus
1318 954 1418 1033 atque

370 1057 386 1084 “
409 1050 560 1115 famosus.
606 1050 672 1115 Hie
694 1051 860 1134 quandam
876 1050 1020 1115 habebat
1034 1055 1168 1135 neptem
1183 1073 1225 1114 ex
1248 1051 1318 1116 filia
1340 1073 1418 1129 sua3

370 1159 387 1185 “
409 1173 483 1234 quae
506 1152 542 1214 in
560 1151 718 1235 junctura
740 1172 857 1216 manus
880 1157 914 1215 et
937 1151 1062 1216 brachii
1079 1173 1120 1214 ex
1144 1152 1249 1217 multo
1272 1157 1418 1236 tempore

370 1260 386 1285 “
404 1251 476 1336 jam
497 1252 611 1316 fistula
633 1252 812 1327 laborabat,
830 1273 904 1335 quae
926 1250 1126 1316 medicorum
1143 1252 1262 1328 studio¹
1276 1253 1330 1316 vel
1346 1257 1417 1317 arte

370 1361 387 1387 “
409 1375 475 1419 non
498 1359 628 1439 poterat
650 1353 766 1419 sanari.
813 1353 969 1418 Habebat
986 1359 1146 1438 praeterea
1167 1354 1344 1439 praedictus
1359 1353 1417 1418 Jo-

369 1463 386 1489 “
407 1454 533 1520 hannes
548 1456 583 1518 in
606 1456 704 1519 domo
718 1477 778 1519 sua
794 1455 937 1539 puellari
952 1454 1135 1540 Anglicam,
1152 1476 1251 1539 quam
1267 1457 1302 1519 in
1319 1457 1416 1520 domo

370 1564 386 1590 “
409 1576 468 1620 sua
490 1577 549 1640 pro
572 1555 635 1619 Dei
658 1576 767 1620 amore
782 1555 1036 1620 misericorditer
1057 1556 1218 1640 pascebat.
1267 1556 1417 1636 Quadam

367 1658 510 1744 ‘figitur
533 1658 594 1734 die,
618 1679 692 1722 cum
716 1679 801 1722 uxor
823 1658 972 1742 praedioti
1004 1657 1169 1723 «Iohannis
1192 1658 1334 1722 virtutes
1356 1660 1417 1721 mi-

368 1769 384 1795 “
407 1761 525 1826 rabiles
541 1761 678 1837 audiret,
695 1760 881 1845 multosque
897 1759 1027 1824 videret
1041 1760 1084 1824 ad
1107 1760 1242 1824 beatum
1258 1760 1417 1824 Thomam

366 1870 521 1929 “euntes
544 1885 583 1929 ae
613 1863 794 1939 redeuntes,
826 1862 885 1947 qui
915 1868 1104 1928 constanter
1134 1869 1315 1928 assererent
1345 1862 1417 1948 ejus

366 1974 383 2000 “
405 1965 531 2032 meritis
553 1965 693 2029 infirmis
708 1965 890 2030 innumeris
906 1965 1081 2030 innumera
1095 1964 1254 2031 beneficia
1268 1964 1416 2040 conferri,

367 2067 591 2133 “thalamum
638 2067 846 2132 familiariter
904 2067 1054 2145 intravit,
1095 2068 1269 2132 assistente
1306 2067 1417 2153 puella

367 2178 384 2204 “
405 2169 577 2256 peregrina
591 2189 690 2253 quam
707 2168 861 2245 diximus,
877 2173 912 2232 et
932 2190 972 2233 ea
987 2168 1122 2234 vidente
1139 2190 1274 2234 manum
1290 2190 1415 2234 ceream

366 2278 383 2304 “
405 2271 491 2348 fecit,
515 2269 720 2355 dirigendam
742 2290 802 2355 pro
832 2269 977 2335 sanitate
1000 2270 1119 2355 puelle
1143 2271 1184 2337 ad
1208 2270 1416 2356 sepulchrum

365 2380 383 2408 ‘¹
404 2373 560 2457 martyris
574 2371 714 2457 gloriosi.
755 2371 797 2434 In
811 2371 885 2456 ipsa
900 2393 978 2437 vero
994 2378 1089 2438 nocte
1104 2373 1264 2459 gloriosus
1279 2379 1416 2458 martyr,

366 2476 447 2539 “ad
470 2474 612 2560 puellam
635 2472 772 2537 veniens
794 2473 1009 2559 peregrinam,
1033 2474 1167 2538 vocavit
1189 2496 1262 2539 eam
1285 2496 1327 2538 ex
1357 2496 1416 2540 no-

365 2585 383 2612 “
405 2576 502 2652 mine,
526 2576 644 2652 dicens,
670 2573 796 2650 ‘Vada’
820 2575 938 2659 inquit,
964 2575 1026 2641 ‘ad
1049 2582 1201 2662 parentes
1225 2580 1417 2664 aegrotantis

367 2685 384 2712 “
407 2676 552 2763 ‘puellae,
576 2681 610 2740 ct
632 2675 680 2740 eis
702 2675 806 2740 filiam
830 2697 923 2740 suam
954 2677 1074 2741 nuntia
1104 2678 1272 2743 sanatam'
1319 2679 1414 2744 Exci-

367 2787 385 2814 “
406 2784 479 2844 tata
500 2777 610 2864 puella
639 2778 742 2863 coepit
772 2777 936 2863 inquirere
968 2779 1042 2863 quis
1064 2784 1150 2843 esset
1180 2780 1238 2864 qui
1260 2781 1342 2846 talia
1371 2782 1416 2846 lo-

367 2889 384 2917 “
406 2886 580 2967 queretur;
601 2885 715 2945 utrum
738 2880 808 2965 ipse
832 2885 917 2944 esset
940 2881 1056 2944 beatus
1087 2880 1237 2959 Thomas,
1265 2883 1301 2945 in
1323 2883 1417 2968 eujus

366 2992 384 3019 “
406 2984 527 3048 honore
558 3003 617 3067 pro
647 2981 791 3045 sanitate
822 2981 941 3066 puellm
973 3003 1098 3046 ceream
1130 3004 1265 3047 manum
1296 2984 1417 3050 factam

366 3084 606 3151 “meminerat
655 3082 719 3147 Oui
761 3104 891 3146 rursum
929 3084 1000 3169 ipse
1030 3085 1207 3168 respondit,
1241 3085 1337 3149 ‘Noli
1368 3087 1418 3150 in-

366 3195 384 3222 “
407 3188 553 3273 ‘quirere
576 3184 651 3271 quis
683 3184 766 3263 sim;
800 3184 857 3249 sed
889 3186 973 3250 vade
1005 3191 1040 3250 et
1071 3187 1192 3251 nuntia
1221 3209 1296 3272 quae
1319 3187 1418 3252 dixi.''

366 3288 473 3370 “Qui
495 3295 607 3353 autem
638 3286 784 3363 aderant,
815 3308 889 3351 curn
921 3308 975 3352 eos
1005 3287 1225 3372 colloquentes
1256 3289 1417 3364 audirent,

367 3399 385 3426 “
406 3394 578 3475 eoeperunt
600 3389 767 3471 inquirere
790 3388 872 3472 quid
902 3393 995 3453 esset.
1041 3389 1089 3452 At
1119 3389 1177 3454 illa
1203 3390 1293 3475 quod
1323 3391 1417 3455 audi-

367 3495 477 3556 “erat
507 3489 699 3573 simpliciter
732 3489 895 3554 narrabat.
944 3487 1128 3554 Confestim
1165 3491 1270 3577 igitur
1308 3513 1417 3557 aecur-

367 3597 515 3657 “rentes
564 3590 783 3655 luminaribus
831 3591 982 3668 accensis,
1031 3592 1149 3676 puellae
1207 3594 1418 3679 respicientes

368 3705 391 3773 “,
407 3715 550 3769 manum,
573 3692 731 3757 universa
753 3715 827 3776 quse
851 3693 965 3758 fistula
987 3694 1109 3758 fecerat
1124 3694 1286 3761 foramina
1310 3696 1419 3761 clausa

368 3807 384 3833 “
406 3800 605 3884 reperenmt,
629 3800 663 3859 et
686 3795 907 3860 laudaverunt
923 3796 1104 3859 Dominum
1121 3796 1179 3881 qui
1202 3797 1295 3861 dedit
1310 3804 1418 3883 potes-

367 3909 384 3936 “
407 3905 512 3966 tatem
534 3897 636 3963 talem
659 3896 856 3962 hominibus.

199 4007 240 4060 'ro
251 4024 354 4061 remove
413 4012 429 4038 “
442 4003 528 4068 Cum
543 4023 621 4065 vero
637 4001 706 4065 dios
723 4000 829 4066 factus
845 4006 937 4077 esset,
954 4001 1168 4065 advenientes
1184 4002 1417 4087 quamplurimi

198 4091 323 4194 ffisrss'f
367 4105 647 4190 “diligenterque
678 4124 812 4167 manum
844 4103 1060 4187 respicientes,
1092 4101 1254 4168 foramina
1284 4103 1417 4187 quidem

198 4210 306 4261 thena
367 4217 384 4243 “
406 4207 517 4274 clausa
566 4205 731 4280 viderunt,
771 4204 828 4267 sed
871 4204 979 4269 adhuc
1023 4210 1135 4269 tamen
1173 4205 1416 4291 aliquantulum

197 4290 323 4406 {⁸13ssssss
367 4318 383 4344 “
405 4331 524 4374 manus
547 4307 663 4371 inflata
693 4309 903 4370 remanserat.
951 4305 1094 4385 Quidam
1125 4312 1237 4371 autern
1264 4309 1418 4385 medicus

197 4409 309 4487 ⁸Prlird2
367 4421 383 4447 ‘¹
407 4413 465 4497 qui
488 4416 625 4476 venerat
647 4409 689 4473 ad
712 4407 943 4493 spectaculum,
967 4409 1159 4491 parentibus
1182 4409 1300 4496 puellae
1331 4412 1419 4475 dixit

197 4475 350 4594 Ξῇῗᾱᾚ,
366 4522 383 4550 “
407 4514 540 4579 ‘Nolite
572 4513 613 4576 de
646 4510 803 4574 inflatura
840 4510 905 4573 ista
940 4509 1069 4573 molesti
1093 4534 1161 4578 esse
1185 4513 1255 4579 sive
1278 4514 1417 4590 solliciti,

367 4626 383 4653 “
407 4616 583 4701 ‘quoniam
624 4611 814 4679 inflaturam
852 4612 938 4679 hano
977 4612 1191 4701 emplastrum
1230 4618 1416 4704 appositum
