3316 6240
409 760 473 823 504
740 771 920 822 nmmum
942 773 969 820 s,
992 772 1130 832 raons,
1319 756 1401 839 [nra.
1419 771 1469 820 vr.
1514 774 1526 785 ·

408 956 504 1021 sultis
536 960 647 1020 autem
679 962 714 1019 ct
743 955 988 1021 consulentibus
1021 956 1156 1022 medicis
1188 978 1231 1021 ne
1263 956 1471 1022 incideretur

408 1064 541 1144 propter
563 1057 730 1123 incisionis
753 1057 942 1142 periculum,
959 1057 1098 1142 martyri
1121 1056 1256 1122 Thomae
1271 1058 1469 1135 devovetur,

409 1166 443 1225 et
466 1161 501 1223 in
517 1160 643 1223 balneis
666 1159 861 1243 deponitur3
887 1159 943 1223 ubi
966 1181 1025 1244 per
1047 1159 1206 1244 genitalia
1229 1160 1376 1224 membra
1400 1160 1469 1225 cal-

409 1261 520 1327 culum
543 1260 646 1344 ejecit,
671 1260 728 1343 qui
751 1280 810 1345 pro
841 1260 1069 1345 magnitudine
1092 1260 1144 1324 sui
1175 1282 1330 1346 magnum
1354 1268 1472 1346 posset

410 1361 635 1448 spectantibus
666 1382 821 1445 generare
853 1367 1028 1444 stuporem.
1079 1360 1214 1425 Poterat
1241 1362 1320 1446 jam,
1352 1363 1472 1429 ablata

410 1465 530 1531 doloris
553 1485 658 1539 causa,
681 1461 790 1527 dolore
814 1462 946 1547 privata
968 1462 1093 1541 videri3
1115 1463 1172 1526 sed
1195 1464 1351 1529 successit
1373 1465 1471 1528 dolor

411 1565 522 1641 dolori,
548 1571 581 1628 ct
612 1570 682 1629 erat
711 1563 909 1628 novissimus
939 1563 1071 1648 gravior
1101 1563 1216 1647 priore.
1262 1564 1350 1627 Nam
1374 1565 1469 1649 quic-

411 1665 550 1750 quidm
581 1670 638 1748 pot
640 1688 696 1727 um
719 1664 830 1727 sibit
816 1662 1008 1749 trajiciebat,
1032 1685 1090 1748 per
1121 1669 1232 1748 partes
1254 1664 1328 1729 illas
1351 1672 1471 1730 contra

410 1766 679 1831 consuetudinem
703 1764 823 1828 debitae
846 1765 1050 1828 necessitatis
1073 1764 1232 1849 ejiciebat.
1280 1765 1330 1829 Ut
1353 1771 1469 1831 autem

411 1868 516 1932 morbi
543 1866 643 1951 hujus
673 1866 807 1943 curati0,
831 1866 917 1930 sicut
947 1872 981 1930 et
1011 1788 1154 1943 alterius
1186 1868 1325 1951 martyri
1356 1878 1471 1952 posset

412 1968 538 2045 ascribi,
560 1968 772 2032 differebatur
794 1990 815 2033 a
837 1967 921 2032 sesto
943 1969 1032 2033 beati
1055 1968 1194 2052 apostoli
1211 1969 1345 2034 Thomae
1361 1991 1469 2053 usque

411 2072 455 2136 ad
486 2070 717 2135 solennitatem
749 2070 906 2155 martyris
929 2070 1084 2147 Thomae3
1115 2092 1182 2154 qua
1204 2071 1366 2146 veniente,
1391 2092 1469 2136 cum

411 2172 533 2258 gaudio
555 2171 749 2235 festivitatis
771 2171 915 2256 suscepit
937 2177 972 2235 et
994 2171 1152 2256 gandium
1177 2172 1336 2236 sanitatis

413 2429 515 2513 (113.)
540 2428 751 2495 Damoetae
778 2430 820 2495 ab
843 2429 1053 2496 alienatione
1075 2430 1199 2496 mentis
1225 2430 1368 2496 liberato
1392 2438 1422 2496 et
1445 2454 1469 2496 a

755 2529 867 2595 dolore
884 2530 1117 2616 purtzurieude'.

242 2706 326 2769 Aliae,
337 2722 397 2758 eon·
455 2685 664 2749 Laborabat'
655 2708 691 2748 m
713 2691 811 2771 partu
828 2686 943 2751 diebus
967 2688 1153 2771 quindecim
1169 2688 1319 2752 Azelicia.
1369 2688 1470 2767 Quid,

243 2772 373 2903 ffiffis
409 2788 517 2864 lector,
542 2789 706 2853 consulis?
754 2790 904 2874 Eloquar,
936 2812 979 2853 an
1012 2790 1148 2855 sileam?
1193 2792 1276 2855 Dico
1299 2791 1400 2906 quod·
1420 2792 1470 2855 rei

243 2905 346 2955 dennin
409 2891 532 2955 veritas
555 2890 655 2954 habet
641 2897 723 2968 t,an
746 2892 914 2976 supprimo
938 2892 1138 2957 veritatem?
1185 2892 1220 2956 Si
1245 2891 1331 2969 silea,
1355 2892 1470 2956 minus

240 2968 387 3088 {ffimm
410 2991 593 3057 innotescet
607 3014 647 3057 ea
668 2994 708 3057 de
725 3014 790 3077 qua
805 2993 940 3077 loquor;
963 2994 991 3056 si
1015 2995 1138 3078 loquor,
1162 2994 1262 3058 timeo
1285 3015 1326 3057 ne
1349 2994 1471 3058 audita

241 3102 357 3153 densum
410 3094 585 3158 trahantur
618 3095 661 3159 ad
699 3094 939 3178 consequentia,
978 3100 1012 3158 et
998 3095 1093 3159 tad
1131 3094 1304 3159 abusiones
1338 3100 1470 3159 mentes

243 3169 348 3299 zm?
410 3194 590 3273 hominum,
615 3196 672 3281 qui
695 3196 789 3280 p1oni
820 3201 899 3259 sunt
928 3197 973 3259 ad
995 3196 1126 3273 vitium,
1150 3196 1237 3259 invit
1223 3201 1342 3259 tantur.
1400 3195 1470 3261 Sed

245 3300 390 3352 chudbmh.
411 3300 485 3383 quis
508 3305 653 3384 creptum
676 3318 858 3362 sennonem
881 3304 992 3362 tenere
1016 3303 1149 3383 potest?
1194 3297 1275 3361 Fuit
1297 3297 1368 3362 haec
1390 3320 1465 3361 mu-

410 3401 472 3466 lier
502 3400 733 3466 concubinarie
755 3400 888 3463 Radulfi
923 3400 1102 3484 cujusdam,
1130 3399 1284 3464 decani'
1275 3422 1310 3463 m
1333 3421 1468 3485 regione

412 3501 591 3565 Lindeseia.
639 3500 729 3579 Qua,
754 3523 828 3565 cum
856 3523 897 3565 ex
915 3501 1059 3587 periculo
1085 3507 1200 3586 partus
1223 3501 1467 3567 vehementiam

411 3601 531 3667 doloris
554 3607 591 3665 et
612 3599 844 3666 alienationem
867 3603 988 3666 mentis
1011 3603 1199 3678 incurreret,
1223 3603 1402 3666 timebatur
1425 3626 1468 3667 ne

410 3704 503 3767 inse
526 3702 665 3779 saeviret,
683 3709 717 3767 et
739 3710 870 3788 partum
894 3704 1104 3768 interimeret.
1151 3703 1249 3768 Unde
1272 3725 1359 3787 aqua
1381 3726 1467 3768 mar-

412 3805 497 3890 tyris
520 3810 635 3889 potata
657 3809 715 3881 est,
740 3810 854 3890 potata
877 3804 1049 3870 confestim
1079 3826 1228 3890 soporem
1252 3806 1348 3889 cepit,
1372 3827 1467 3890 sopo-

412 3913 485 3972 rata
525 3907 698 3990 mcnte[m]
741 3928 922 3991 corpusque
960 3911 1077 3971 sanata
1123 3907 1253 3991 recepit.
1321 3906 1467 3971 Rursum

412 4008 559 4073 recidens
581 4008 617 4070 in
648 4007 812 4071 somnium
837 4007 896 4090 (sic
918 4007 1005 4070 cnim
1029 4007 1208 4072 circaeam
1236 4029 1347 4072 curam
1371 4030 1466 4072 suam

413 4110 558 4174 medicus
596 4109 738 4174 coelestis
778 4108 919 4193 agebat),
954 4114 1113 4194 tanquam
1153 4130 1288 4172 manum
1323 4108 1467 4173 hominis

413 4218 507 4276 utero
530 4233 589 4276 suo
612 4211 731 4274 leniter
753 4210 857 4273 sensit
879 4209 1068 4289 admotam3
1099 4211 1258 4295 evigilans
1281 4216 1391 4274 autem
1415 4211 1466 4274 in—

413 4313 507 4378 venit
541 4335 574 4376 sc
606 4312 716 4397 partui
750 4311 901 4387 vicinam,
935 4316 968 4375 et
998 4312 1159 4377 infantem
1191 4313 1234 4377 ad
1267 4313 1466 4377 nascendum

414 4414 617 4500 dispositum.
671 4413 855 4477 Mirabatur
878 4413 966 4497 qnod
981 4413 1095 4478 horam
1118 4415 1189 4479 sine
1205 4413 1315 4479 dolore
1330 4415 1467 4479 transis-

413 4520 471 4591 set,
493 4538 567 4599 quee
587 4514 781 4600 gravissima
796 4515 1055 4600 parturientibus
1076 4537 1144 4581 esse
1165 4516 1254 4591 solet,
1278 4518 1381 4581 sciens
1399 4538 1467 4582 esse

414 4617 521 4681 divini
551 4617 704 4695 muneris,
728 4617 837 4694 immo,
860 4617 970 4682 meriti
998 4619 1162 4703 martyna,
1186 4618 1273 4704 quod
1304 4618 1366 4682 sibi
1390 4640 1466 4684 con-
