3316 6240
368 768 435 832 240
702 788 881 838 umacum
904 790 929 837 s.
953 789 1090 849 moure,
1285 773 1415 855 [111111.
1472 777 1475 783 ’

368 969 438 1033 dux
468 976 503 1035 et
525 992 631 1037 eomes
662 974 791 1039 itineris
823 976 902 1060 quia
932 998 1017 1041 eaeea
1049 975 1226 1051 defecisset,
1257 974 1416 1038 festinans

368 1070 440 1155 ipsa
476 1076 627 1159 progredi
661 1076 827 1160 jacentem
866 1078 1048 1163 dereliquit.
1104 1078 1266 1142 Dominus
1304 1082 1415 1140 autem

368 1174 545 1258 assumpsit
561 1196 641 1251 eam,
659 1177 745 1243 sicut
759 1179 918 1263 seriptum
935 1184 992 1255 est,
1011 1179 1200 1258 “Quoniam
1216 1183 1310 1264 pater
1324 1199 1416 1241 meus

369 1280 386 1304 “
408 1278 442 1337 et
479 1280 584 1340 mator
621 1298 694 1342 mea
732 1278 978 1363 dereliquerunt
1014 1301 1074 1355 me,
1110 1279 1273 1343 Dominus
1304 1283 1415 1343 autem

368 1380 385 1406 “
406 1377 583 1460 assumpsit
605 1379 684 1443 me.''
729 1380 790 1442 Vir
812 1380 899 1444 enim
915 1381 1093 1445 admodum
1108 1381 1277 1445 reverendi
1293 1380 1416 1458 vultus

367 1472 451 1538 albis
473 1476 617 1553 indutus,
641 1479 750 1544 astitit
765 1481 795 1544 ei
819 1481 938 1557 dicens,
956 1489 971 1514 “
982 1481 1082 1545 Hune
1096 1481 1206 1546 viemn
1222 1480 1415 1544 inhabitat”

370 1575 418 1657 (et
440 1577 585 1642 ostendit
606 1578 730 1664 vicum)
756 1580 834 1643 “vir
856 1582 962 1645 bonus
978 1581 1141 1645 Robertus
1164 1582 1304 1656 nomine,
1328 1580 1416 1644 filius

369 1682 385 1708 ‘¹
409 1675 527 1760 Elgari.
574 1678 674 1743 Hunc
689 1679 829 1764 primum
855 1680 1001 1745 emnium
1017 1681 1145 1745 videbis
1158 1704 1166 1759 ;
1181 1682 1293 1745 veniet
1315 1681 1358 1744 ad
1373 1686 1414 1745 te.

369 1783 387 1809 “
409 1775 472 1841 Dic
504 1777 533 1842 ei
557 1784 719 1862 quatenus
742 1801 784 1844 ex
806 1780 963 1845 mandato
997 1781 1104 1845 saneti
1128 1780 1261 1845 Thomae
1284 1782 1414 1865 signum

369 1885 385 1909 “
408 1877 511 1942 crucis
526 1878 633 1963 erigat
654 1879 691 1943 in
705 1878 767 1945 hoe
788 1880 884 1945 lee0.''
930 1881 1053 1958 Paruit,
1071 1881 1243 1957 excitatur,
1259 1887 1351 1945 aetus
1367 1903 1415 1944 se-

368 1978 482 2063 quitur
515 1978 683 2067 visionem.
729 1980 818 2045 Nam
852 1990 928 2067 post
958 1988 1031 2047 octo
1063 2004 1224 2047 armorum
1256 1980 1417 2046 curricula

368 2079 491 2163 recepit
526 2078 668 2144 officium
691 2081 835 2146 videndi.
883 2084 1013 2149 Cutem
1044 2084 1146 2169 juxta
1176 2083 1263 2167 quod
1291 2083 1415 2149 dictum

368 2185 420 2245 est
441 2179 571 2245 effectui
594 2181 782 2267 mancipata
800 2190 890 2272 sunt.

763 2417 842 2502 (77.)
866 2416 913 2483 De
936 2437 1026 2483 eceea.

201 2562 320 2615 adelicia
329 2562 359 2615 of
390 2548 498 2616 'Cum
534 2548 600 2614 ista
621 2546 739 2614 mulier
768 2548 834 2615 alia
863 2551 1008 2616 cucurrit
1039 2548 1082 2614 ad
1112 2548 1243 2635 gratias,
1268 2547 1417 2615 Adelieia

201 2631 356 2747 {ffissm
368 2651 508 2726 nomine,
532 2672 605 2735 queo
636 2649 745 2735 siquid
775 2651 910 2716 inducta
934 2651 1042 2715 minus
1065 2650 1203 2715 honesta
1225 2672 1323 2716 causa
1345 2671 1415 2735 per-

202 2761 338 2813 blinmcsa
368 2748 530 2816 hibuisset
552 2752 592 2816 de
615 2772 649 2816 se
665 2752 753 2837 quod
774 2774 841 2816 non
856 2759 1028 2837 operatum
1051 2750 1167 2816 suisset
1181 2753 1217 2815 in
1232 2774 1274 2828 se,
1287 2757 1416 2837 poterat

368 2852 408 2917 de
431 2851 519 2919 sacili
547 2876 589 2919 ex
611 2852 948 2938 comprovincialibus,
973 2875 1014 2918 ex
1037 2852 1160 2917 vicinia
1186 2853 1256 2929 loci,
1283 2874 1325 2917 ox
1341 2873 1415 2916 eon-

367 2954 553 3033 tribulibus‚
577 2954 733 3019 falsitatis
756 2954 914 3020 convinci.
964 2954 1075 3018 Genus
1099 2952 1187 3017 enim
1211 2953 1352 3018 ducebat
1373 2952 1416 3017 ab

367 3058 540 3143 oppidanis
563 3058 652 3123 villae
676 3057 882 3134 Fevresham,
907 3056 1037 3121 civitati
1063 3056 1318 3121 Cantuariorum
1341 3076 1415 3121 con-

367 3159 525 3239 terminas,
550 3158 639 3245 apud
661 3180 743 3243 quos
765 3180 823 3243 per
845 3158 1015 3221 biennium
1039 3155 1186 3222 caeeitate
1209 3157 1416 3242 caligaverat.

367 3258 451 3323 Hree
488 3259 725 3344 praenominato
763 3257 832 3322 loeo
863 3256 1005 3342 collapsa
1038 3256 1147 3321 fuerat
1183 3257 1219 3319 in
1256 3276 1414 3330 somnum,

368 3379 502 3442 sperans
524 3359 587 3423 sibi
609 3358 726 3423 melius
748 3357 824 3433 fore,
852 3357 931 3442 quia
956 3362 1084 3442 martyr
1106 3357 1221 3421 vivens
1255 3357 1290 3419 in
1321 3378 1416 3420 came

369 3459 493 3523 curiam
515 3460 665 3524 aditurus
691 3481 731 3524 ea
761 3466 855 3545 parte
885 3458 1062 3523 transierat
1074 3482 1082 3536 ;
1114 3464 1148 3522 ct
1177 3480 1244 3522 nou
1278 3464 1328 3522 est
1359 3480 1415 3542 spe

368 3558 529 3626 fraudata.
576 3560 664 3624 Nam
689 3558 742 3623 vir
764 3560 794 3624 ei
826 3559 983 3624 assistens
1007 3559 1043 3622 in
1066 3558 1140 3622 visu
1170 3558 1293 3622 blanda
1315 3558 1417 3622 medi-

368 3662 474 3727 cantis
504 3682 605 3727 manu
639 3661 803 3747 malagma
839 3660 975 3725 sustulit
1005 3660 1246 3745 superpositum
1277 3666 1415 3725 cocturus

369 3783 443 3847 qum
465 3784 557 3829 secus
571 3760 740 3848 hyrquos¹
762 3762 937 3826 influentes
953 3761 1169 3825 exhauriebat
1190 3760 1350 3838 humores,
1367 3784 1416 3825 re-

368 3865 564 3950 quirensque
587 3866 627 3929 de
650 3870 739 3929 statu
762 3864 833 3949 ejus
856 3863 911 3940 ait,
929 3872 945 3897 ‘⁸
956 3863 1078 3939 Puella,
1101 3863 1182 3947 quid
1205 3864 1301 3948 agis?
1324 3870 1415 3927 estne

369 3975 386 4001 “
409 3967 471 4031 tibi
494 3968 611 4031 melius
635 3988 734 4051 quam
756 3964 870 4030 fuiw
917 3964 1108 4050 Respondit,
1140 3964 1327 4029 “Dominus
1358 3967 1415 4049 qui

369 4076 386 4103 ‘¹
409 4069 520 4133 omnia
541 4074 657 4154 potest,
680 4076 715 4132 et
736 4067 799 4133 hoe
829 4066 963 4152 potest.''
1010 4066 1194 4151 Subjunxit
1224 4066 1287 4139 ille,
1312 4066 1414 4129 “Nisi

370 4178 387 4205 “
409 4192 520 4236 curam
536 4171 735 4236 medieoumi
751 4171 928 4253 quaesisses,
941 4169 1049 4233 visum
1065 4168 1245 4254 recepisses.
1278 4167 1415 4231 Verum-

370 4279 386 4305 “
409 4276 521 4337 tamen
552 4271 684 4335 indultu
717 4269 946 4335 misericordiis
979 4268 1110 4345 divinae,
1143 4289 1217 4352 qum
1251 4269 1415 4333 neminem

371 4371 540 4457 “repellit
569 4372 612 4437 ad
644 4394 678 4435 se
710 4371 907 4447 venientem,
939 4374 972 4435 et
1004 4370 1091 4434 inter
1122 4370 1279 4435 terminos
1312 4371 1417 4435 nescit

402 4553 409 4586 ¹
429 4554 551 4619 Hirqmu,
562 4554 607 4605 the
624 4552 755 4603 comeret*
768 4551 812 4603 the
836 4568 891 4615 eye.
925 4552 1051 4615 IIoopcr's
1068 4551 1178 4602 Medicul
1196 4552 1273 4615 Diet,
1291 4554 1322 4604 ed
1340 4552 1416 4603 Klein

369 4632 458 4687 (irunt.
