3316 6240
371 788 435 851 262
704 800 883 851 sarnacum
904 802 929 850 s.
952 801 1090 862 ruens,
1274 786 1352 869 [urs.
1370 800 1418 848 ur.

371 987 488 1054 beatus
502 987 653 1067 Th0mas,
671 996 688 1023 “
700 988 921 1054 Extrahentes
937 1010 1012 1054 eum
1034 1009 1055 1054 a
1076 988 1161 1054 lecto
1175 1007 1273 1073 super
1287 987 1419 1053 archam

372 1096 390 1125 “
411 1090 608 1156 extendite.''
665 1090 930 1176 obsequentibus
960 1091 1034 1169 illis,
1063 1090 1165 1175 jussit
1198 1090 1287 1175 quod
1317 1089 1421 1154 inciso

372 1196 489 1256 ventre
525 1191 628 1278 hepar
659 1192 894 1270 extraheretur,
928 1197 962 1257 et
1000 1192 1195 1257 ablueretur.
1253 1191 1352 1256 Dixit
1385 1196 1420 1254 et

371 1292 496 1359 factum
518 1298 575 1359 est.
618 1293 813 1360 Attulerant
843 1299 954 1359 autem
980 1293 1013 1357 in
1047 1293 1271 1358 ministerium
1293 1292 1419 1379 pelvim

372 1394 557 1460 admirandi
588 1395 705 1461 nitoris
739 1401 774 1460 et
804 1396 935 1472 decuria,
960 1395 1041 1460 adeo
1074 1401 1114 1460 ut
1144 1402 1287 1481 aegrotus
1323 1395 1421 1458 mira-

372 1501 471 1573 retur,
496 1501 530 1560 et
552 1501 681 1581 optaret
703 1497 792 1581 quod
822 1497 1020 1561 abeuntibus
1042 1496 1164 1562 sanctis
1186 1496 1250 1561 sibi
1280 1495 1419 1580 relique-

372 1602 470 1662 retur.
517 1597 609 1663 Tauro
640 1597 791 1663 ablutum
822 1597 924 1683 hepar
951 1597 1049 1682 jubet
1079 1601 1212 1663 sanctus
1245 1597 1281 1660 in
1313 1596 1420 1663 locum

373 1720 470 1764 suum
500 1700 622 1785 reponi,
650 1705 685 1765 et
715 1705 864 1764 ventrem
896 1700 1016 1764 consui.
1064 1698 1175 1764 Sensit
1197 1699 1301 1785 igitur
1334 1721 1420 1785 aegcr

371 1800 575 1867 medicinalis
597 1821 683 1865 curae
714 1807 901 1887 puncturas,
925 1806 959 1866 et
990 1799 1072 1867 citra
1102 1801 1245 1866 dolorem
1258 1832 1265 1841 ·
1278 1802 1419 1886 quadam

372 1901 565 1967 titillatione
588 1901 748 1987 passionis
770 1901 981 1967 afficiebatur.
1030 1902 1199 1988 Evigilans
1222 1908 1342 1980 autem,
1366 1902 1420 1967 vel

372 2002 415 2068 ab
448 2004 555 2067 extasi
589 2003 717 2068 rediens
753 2002 837 2087 (sive
871 2003 959 2068 enim
991 2003 1132 2089 vigilans
1155 2005 1225 2068 sivo
1257 2005 1420 2070 dormiens

375 2103 448 2170 haec
461 2110 638 2191 pateretur,
654 2126 720 2170 non
742 2105 900 2191 advertit)
924 2106 1066 2193 vestigia
1080 2106 1259 2173 curationis
1281 2107 1419 2183 invenit,

372 2205 538 2271 cicatrices
560 2205 728 2271 incisionis
744 2211 778 2271 et
793 2206 947 2290 reliquias
962 2206 1109 2272 humoris
1127 2230 1201 2292 quae
1217 2209 1417 2274 curationem

372 2327 484 2372 veram
499 2307 715 2371 testabantur.
760 2306 889 2372 Vocans
911 2308 1023 2392 itaque
1046 2330 1100 2374 eos
1118 2310 1176 2394 qui
1199 2309 1303 2374 solum
1320 2310 1419 2374 fimus

371 2408 408 2472 in
442 2429 480 2474 eo
517 2409 635 2493 tristes,
668 2409 910 2494 exspectabant,
950 2432 992 2474 ex
1029 2410 1201 2475 collatione
1238 2412 1419 2496 repentinae

371 2510 525 2576 sanitatis
557 2511 651 2575 laetos
673 2515 708 2575 et
740 2511 889 2595 stupidos
923 2512 1038 2576 effecit.
1085 2512 1168 2578 Haec
1201 2513 1322 2578 eisdem
1352 2513 1419 2578 fere

372 2612 481 2677 verbis
503 2611 604 2698 vulgo
626 2633 684 2697 per
706 2633 827 2698 pagum
843 2612 1139 2698 Petragoricensem
1163 2614 1278 2691 relatu,
1301 2616 1344 2679 ad
1359 2637 1418 2680 nos

371 2735 475 2799 usquo
513 2712 639 2798 perlata
676 2716 762 2777 sunt.
824 2712 889 2778 Sed
928 2715 980 2778 vir
1017 2716 1211 2781 venerandae
1254 2716 1419 2781 memoriae

372 2815 497 2901 praesul
515 2815 797 2901 Petragorirensis
820 2837 863 2880 ne
888 2816 1019 2903 vulgari
1050 2818 1257 2903 multiloquio
1288 2816 1418 2883 seduce-

271 2942 283 2953 ·
371 2922 471 2995 retur,
493 2918 533 2983 ad
558 2917 673 2982 villam
696 2916 917 2982 Braieriacum
939 2919 1082 2996 veniens,
1102 2921 1234 2986 vocavit
1256 2922 1418 2986 medicum

282 3019 287 3032 '
370 3020 425 3087 cui
447 3024 575 3105 martyr
600 3019 782 3085 medicatus
804 3026 861 3096 est,
885 3025 920 3086 et
941 3022 984 3087 ab
1015 3043 1053 3087 eo
1076 3023 1165 3106 quod
1187 3023 1228 3086 de
1258 3044 1296 3088 eo
1329 3044 1418 3089 acce-

371 3128 466 3210 perat
488 3123 620 3208 accepit.
666 3123 698 3186 A
720 3122 813 3207 cujus
836 3130 949 3189 creet
978 3146 1037 3190 nos
1061 3125 1235 3191 didicimus
1258 3126 1346 3211 qued
1369 3126 1418 3189 di-

370 3246 483 3291 crmus.

557 3479 614 3564 (5.)
638 3478 686 3545 De
708 3477 835 3545 cistam
853 3476 1054 3566 paralytico
1076 3476 1249 3544 materia·

204 3787 335 3850 orm,
371 3760 454 3816 rum,
486 3737 634 3803 Sewalus
665 3739 804 3803 nomine.
860 3737 963 3823 Cujus
994 3736 1063 3801 lilia
1085 3737 1233 3803 Adelicia
1266 3737 1354 3801 vidit
1383 3738 1419 3802 in

203 3852 326 3904 instruar
371 3841 447 3906 visu
470 3841 576 3907 noctis
591 3860 704 3905 canem
727 3839 856 3925 nigrum
875 3845 910 3903 et
929 3838 1098 3903 horridum
1114 3839 1200 3904 cruri
1222 3859 1282 3902 suo
1297 3838 1419 3901 vulnus

202 3918 327 4037 {ffiffl
371 3943 623 4028 imprimentem,
647 3947 681 4006 et
703 3941 817 4006 statim
839 3942 876 4004 in
898 3941 1071 4007 clamorem
1098 3940 1213 4025 erupit.
1272 3939 1417 4003 Excitati

203 4052 328 4129 paralysis
372 4049 525 4131 parentes
547 4048 582 4107 et
604 4042 792 4107 exsilientes
823 4044 859 4106 in
882 4064 974 4109 crure
997 4042 1135 4128 virginis
1161 4041 1297 4104 livorem
1325 4040 1417 4103 inve-

167 4157 170 4163 '
202 4133 342 4171 mmm·
372 4150 502 4223 nerunt,
526 4145 696 4230 ipsamque
718 4144 862 4230 paralysi
888 4166 1080 4229 percussam,
1104 4147 1197 4227 parte
1220 4142 1362 4227 corporis
1385 4148 1420 4207 ct

372 4250 507 4317 auditus
533 4248 660 4314 amusa.
723 4246 797 4326 Qua
818 4246 1011 4311 infirmitate
1035 4246 1104 4310 dies
1126 4245 1253 4330 aliquot
1276 4244 1418 4322 detenta,

372 4375 448 4421 curn
470 4350 601 4438 proprio
624 4349 687 4414 sibi
711 4370 777 4413 non
800 4349 986 4413 ministrare
1009 4353 1119 4433 posset
1138 4346 1251 4425 officio,
1266 4354 1419 4433 parentes

372 4454 514 4530 solliciti,
546 4452 632 4538 quod
663 4450 870 4536 potissimum
905 4450 994 4514 factu
1026 4449 1230 4534 judicabant,
1263 4451 1420 4536 suffragia

372 4561 558 4623 sanctorum
581 4553 808 4639 implorabant,
825 4552 986 4637 praecipue
1008 4550 1122 4618 Sancti
1139 4554 1300 4619 Leonardi
1315 4554 1419 4618 beati-

377 4678 441 4741 que
462 4657 605 4733 Thomce,
621 4655 715 4741 cujus
737 4674 824 4738 aqua
846 4653 1007 4738 potabant
1029 4675 1108 4719 eam.
1155 4655 1199 4720 Et
1221 4655 1346 4722 factum
1369 4666 1419 4720 cst
