3316 6240
375 774 440 836 422
709 788 888 837 sirmeum
911 792 936 836 s.
960 789 1097 847 moun,
1281 773 1358 855 [nm.
1375 790 1423 839 vn

376 985 393 1009 “
415 984 449 1041 et
475 978 703 1059 juramentum
726 978 947 1051 offerentibus,
971 977 1060 1039 omni
1091 976 1310 1061 ambiguitate
1334 996 1422 1039 sum-

375 1085 393 1112 “
415 1084 513 1154 mota,
535 1085 570 1143 et
592 1079 731 1163 singnrlis
754 1079 797 1142 ad
820 1079 953 1163 plenum
984 1078 1183 1163 perquisitis,
1199 1078 1245 1142 sie
1267 1077 1423 1142 accidisse

377 1188 393 1212 “
415 1180 661 1244 evidentissime
684 1181 904 1265 cognovimus.
951 1179 1095 1243 Pulsatis
1118 1181 1231 1264 itaque
1256 1179 1423 1265 campanis

376 1291 393 1316 “
415 1283 486 1346 Deo
508 1282 632 1367 gratias
663 1284 797 1368 egimus,
822 1283 880 1367 qui
912 1283 993 1346 fines
1023 1288 1152 1346 nostras
1184 1287 1253 1346 tam
1284 1280 1423 1367 insignis

376 1392 392 1419 “
415 1384 565 1449 miraculi
588 1384 746 1449 beneficio
769 1385 974 1449 visitaverat.

420 1495 437 1520 “
460 1485 533 1551 Hoc
555 1487 656 1549 etiam
686 1487 851 1550 memoriae
884 1487 1178 1552 commendandum
1211 1486 1423 1559 decrevimus,

375 1595 391 1621 “
414 1588 502 1671 quod
524 1587 661 1651 solemni
680 1589 733 1651 die
752 1588 840 1653 beati
858 1589 1019 1674 Stephani
1041 1586 1424 1674 protomartyris¹=suum

375 1688 522 1752 “voluit
560 1689 748 1754 solemniter
782 1691 942 1775 publicari
976 1691 1179 1766 miraculum,
1212 1711 1310 1774 quem
1344 1690 1423 1752 dum

375 1796 393 1824 “
414 1790 499 1855 eirea
535 1791 679 1874 primum
716 1792 867 1875 martyrii
909 1793 961 1855 sui
999 1793 1203 1877 propositum
1241 1795 1426 1855 verteretur

376 1892 506 1956 “visus
540 1899 591 1956 est
621 1893 755 1978 elegisse
793 1899 977 1978 patronum.
1045 1894 1096 1959 De
1130 1894 1256 1958 caeteris
1290 1893 1424 1977 quidem

376 1994 569 2058 “membris
598 1995 691 2058 nulla
718 2015 755 2058 eo
778 1995 832 2059 die
854 1998 942 2060 lacta
972 1995 1038 2059 suit
1068 1996 1201 2072 mentio,
1224 2017 1286 2059 nee
1316 1993 1424 2059 adhuc

375 2102 392 2129 “
414 2094 559 2179 aliquam
582 2095 659 2160 inde
682 2090 1014 2181 recompensationem
1042 2102 1234 2182 susceperat.
1282 2095 1423 2161 Sanetus

375 2205 392 2229 “
416 2217 493 2260 vero
527 2201 661 2280 martyr,
696 2197 892 2262 miraculum
929 2220 1026 2261 suum
1061 2199 1276 2283 semiplenum
1310 2198 1423 2261 nolens

375 2307 392 2331 ‘⁴
414 2297 605 2382 relinquere,
622 2298 708 2362 sicut
730 2304 825 2363 noete
842 2299 930 2362 beati
946 2299 1081 2364 Thomac
1096 2300 1236 2385 apostoli
1252 2299 1423 2364 exoculato

376 2407 392 2433 “
414 2421 518 2463 novos
544 2399 654 2464 oeulos
686 2400 881 2475 reddiderat,
913 2401 962 2464 ita
993 2406 1089 2466 nocte
1120 2401 1226 2466 sancti
1261 2401 1423 2465 Johannis

375 2500 554 2586 “apostoli
577 2507 611 2565 et
638 2501 848 2586 evangelistae
876 2503 1114 2567 ementulatum
1145 2524 1306 2568 novorum
1332 2504 1422 2589 geni-

376 2602 531 2665 “talium
561 2602 770 2667 restitutione
801 2603 1045 2688 redintegravit.
1107 2604 1237 2690 Quippe
1250 2626 1335 2668 cum
1357 2626 1423 2668 non

375 2712 392 2737 “
414 2704 695 2768 solum⁴animam
726 2726 818 2767 suam
852 2726 910 2789 pro
937 2706 1054 2769 ovibus
1086 2706 1154 2769 suis
1185 2706 1335 2791 ponendo
1367 2726 1425 2790 per

374 2815 391 2839 “
413 2806 566 2890 martyrii
588 2827 720 2891 poenam
744 2807 779 2869 in
803 2806 899 2871 choro
922 2812 1107 2892 martyrum
1130 2808 1337 2893 intelligatur
1359 2806 1423 2872 col-

375 2916 392 2940 “
414 2908 547 2983 locatus,
575 2908 630 2971 sed
663 2929 721 2992 per
752 2909 1018 2992 praedicationem
1050 2910 1142 2973 verbi
1175 2910 1246 2983 Dei,
1270 2911 1313 2973 ad
1335 2910 1422 2994 quod

374 3019 391 3044 “
413 3011 595 3096 Anglorum
618 3011 709 3095 genti
734 3011 978 3095 perdicendum
1001 3012 1208 3077 Pontinniaci
1231 3012 1317 3078 facta
1333 3035 1422 3078 reve·
1510 3010 1513 3015 ’

375 3120 391 3145 “
413 3111 536 3176 latione
554 3112 597 3175 ab
611 3111 727 3196 angelo
742 3112 778 3174 in
793 3112 948 3197 Angliam
971 3113 1317 3198 1111111111111111111111,2
1337 3115 1425 3178 inter

374 3223 391 3248 “
414 3220 544 3278 sanctos
575 3215 740 3298 apostolos
771 3214 924 3278 credatur
946 3238 1014 3280 esse
1047 3222 1207 3300 receptus.
1260 3216 1331 3281 Noc
1363 3216 1424 3281 hoe

375 3324 392 3350 “
414 3317 484 3379 sine
506 3314 663 3381 miraculo
687 3316 882 3381 credendum
911 3324 961 3382 est
983 3319 1138 3395 evenisse,
1162 3319 1249 3403 quod
1278 3320 1424 3383 membra

374 3424 391 3451 “
414 3415 472 3479 illa
494 3416 537 3479 ab
552 3416 599 3480 eis
624 3416 682 3500 qui
704 3438 743 3480 ea
758 3416 921 3494 viderunt,
946 3424 980 3482 et
1006 3420 1159 3483 manibus
1182 3420 1225 3483 ad
1249 3420 1423 3484 veritatem

374 3526 390 3551 “
413 3518 688 3582 manifestandam
713 3523 948 3596 tractaverunt,
966 3521 1001 3583 in
1016 3521 1113 3585 initio
1136 3521 1264 3585 minora
1287 3521 1424 3587 inventa

373 3626 390 3653 “
413 3619 549 3683 fuerunt
572 3641 670 3704 quam
694 3626 775 3685 retas
807 3621 877 3705 ejus
900 3623 1061 3709 exigebat.
1123 3617 1230 3687 Deum
1262 3623 1366 3708 igitur
1387 3624 1422 3685 in

374 3729 390 3755 “
414 3721 535 3786 sanetis
569 3721 637 3785 suis
668 3722 893 3807 glorificemus,
929 3729 964 3786 et
1000 3745 1059 3807 pro
1092 3724 1242 3787 novitate
1274 3723 1423 3788 miraculi

374 3832 390 3856 “
415 3844 539 3886 novum
570 3828 721 3886 sanctum
752 3824 848 3886 novis
875 3823 1028 3887 laudibus
1060 3824 1266 3899 extollamus,
1291 3829 1330 3887 ut
1353 3825 1423 3907 ejus

375 3933 392 3957 “
415 3924 695 3988 intercedentibus
725 3925 852 3988 meritis
875 3929 910 3987 et
932 3925 1068 4008 spiritus
1091 3931 1126 3989 et
1148 3926 1255 4000 camis
1285 3925 1423 3989 innova-

278 4064 286 4075 ·
375 4033 391 4058 “
415 4025 538 4089 tionem
561 4046 803 4110 consequamur.
853 4025 991 4088 Valete.’'

629 4259 709 4343 (ll.)
735 4257 978 4323 Testimonium
1000 4256 1171 4322 miracala

207 4415 353 4534 fiffi'ffi}
422 4421 521 4485 Multi
544 4409 685 4486 veniunt
712 4423 755 4485 ad
785 4443 844 4485 nos
875 4423 1039 4486 narraturi
1064 4444 1138 4507 quae
1161 4422 1246 4487 circa
1268 4443 1302 4485 se
1325 4422 1423 4485 mira-

207 4550 343 4617 preceding
379 4523 488 4588 culose
519 4530 610 4608 gesta
640 4529 726 4600 sunt,
751 4546 889 4608 quorum
920 4523 1066 4609 linguam
1100 4545 1167 4588 non
1198 4522 1421 4608 intelligimus.

706 4689 903 4696 -—--..-.—.
962 4691 965 4694 .
1002 4690 1009 4695 .
1038 4689 1106 4695 —-
1303 4687 1413 4696 ———..

410 4780 417 4811 ¹
433 4779 645 4842 prothomartyris,
658 4781 715 4830 MS.
895 4780 900 4845 Ι
947 4782 957 4813 '³
971 4781 1121 4844 prohibetur,
1133 4781 1190 4831 MS.
