<?xml version="1.0" encoding="UTF-8"?>
<!DOCTYPE html PUBLIC "-//W3C//DTD XHTML 1.0 Transitional//EN"
    "http://www.w3.org/TR/xhtml1/DTD/xhtml1-transitional.dtd">
<html xmlns="http://www.w3.org/1999/xhtml" xml:lang="en" lang="en">
 <head>
  <title>
</title>
<meta http-equiv="Content-Type" content="text/html;charset=utf-8" />
  <meta name='ocr-system' content='tesseract 3.04.00' />
  <meta name='ocr-capabilities' content='ocr_page ocr_carea ocr_par ocr_line ocrx_word'/>
</head>
<body>
  <div class='ocr_page' id='page_1' title='image "./materialsforhis01robegoog_0561.png"; bbox 0 0 3316 6240; ppageno 0'>
   <div class='ocr_carea' id='block_1_1' title="bbox 374 794 1435 879">
    <p class='ocr_par' dir='ltr' id='par_1_1' title="bbox 374 794 1435 879">
     <span class='ocr_line' id='line_1_1' title="bbox 374 794 1435 879; baseline 0.002 -21"><span class='ocrx_word' id='word_1_1' title='bbox 374 794 439 858; x_wconf 75' lang='lat'><strong>514</strong></span> <span class='ocrx_word' id='word_1_2' title='bbox 706 808 888 860; x_wconf 72' lang='lat' dir='ltr'><strong>amioum</strong></span> <span class='ocrx_word' id='word_1_3' title='bbox 910 810 935 859; x_wconf 87' lang='lat' dir='ltr'><strong>s.</strong></span> <span class='ocrx_word' id='word_1_4' title='bbox 959 809 1099 871; x_wconf 74' lang='lat' dir='ltr'><strong>monn,</strong></span> <span class='ocrx_word' id='word_1_5' title='bbox 1281 795 1364 879; x_wconf 80' lang='lat' dir='ltr'><strong>[um.</strong></span> <span class='ocrx_word' id='word_1_6' title='bbox 1383 810 1435 861; x_wconf 78' lang='lat' dir='ltr'><strong>vn</strong></span> 
     </span>
    </p>
   </div>
   <div class='ocr_carea' id='block_1_2' title="bbox 363 994 1494 4017">
    <p class='ocr_par' dir='ltr' id='par_1_2' title="bbox 368 994 1432 2196">
     <span class='ocr_line' id='line_1_2' title="bbox 370 994 1432 1076; baseline 0 -16"><span class='ocrx_word' id='word_1_7' title='bbox 370 1001 388 1029; x_wconf 85' lang='lat'><strong>“</strong></span> <span class='ocrx_word' id='word_1_8' title='bbox 411 994 524 1060; x_wconf 78' lang='lat' dir='ltr'><strong>cedere</strong></span> <span class='ocrx_word' id='word_1_9' title='bbox 539 998 657 1059; x_wconf 87' lang='lat' dir='ltr'><strong>tentat.</strong></span> <span class='ocrx_word' id='word_1_10' title='bbox 703 994 854 1060; x_wconf 79' lang='lat' dir='ltr'>Mirabile</span> <span class='ocrx_word' id='word_1_11' title='bbox 870 994 980 1076; x_wconf 90' lang='lat' dir='ltr'><strong>dietu;</strong></span> <span class='ocrx_word' id='word_1_12' title='bbox 1002 996 1113 1061; x_wconf 89' lang='lat' dir='ltr'><strong>subito</strong></span> <span class='ocrx_word' id='word_1_13' title='bbox 1127 995 1230 1061; x_wconf 78' lang='lat' dir='ltr'><strong>sentit</strong></span> <span class='ocrx_word' id='word_1_14' title='bbox 1244 995 1432 1061; x_wconf 80' lang='lat' dir='ltr'><strong>sanitatem</strong></span> 
     </span>
     <span class='ocr_line' id='line_1_3' title="bbox 370 1096 1432 1182; baseline 0.001 -22"><span class='ocrx_word' id='word_1_15' title='bbox 370 1104 387 1132; x_wconf 89' lang='lat'><strong>“</strong></span> <span class='ocrx_word' id='word_1_16' title='bbox 410 1096 531 1174; x_wconf 88' lang='lat' dir='ltr'><strong>adesse,</strong></span> <span class='ocrx_word' id='word_1_17' title='bbox 556 1102 589 1161; x_wconf 91' lang='lat' dir='ltr'><strong>et</strong></span> <span class='ocrx_word' id='word_1_18' title='bbox 620 1096 700 1160; x_wconf 86' lang='lat' dir='ltr'><strong>totis</strong></span> <span class='ocrx_word' id='word_1_19' title='bbox 728 1097 865 1162; x_wconf 84' lang='lat' dir='ltr'><strong>vocibus</strong></span> <span class='ocrx_word' id='word_1_20' title='bbox 895 1097 1030 1162; x_wconf 89' lang='lat' dir='ltr'><strong>beatum</strong></span> <span class='ocrx_word' id='word_1_21' title='bbox 1053 1097 1210 1163; x_wconf 89' lang='lat' dir='ltr'><strong>invoeans</strong></span> <span class='ocrx_word' id='word_1_22' title='bbox 1232 1103 1432 1182; x_wconf 62' lang='lat' dir='ltr'><strong>martyrem,</strong></span> 
     </span>
     <span class='ocr_line' id='line_1_4' title="bbox 370 1198 1425 1283; baseline 0.002 -22"><span class='ocrx_word' id='word_1_23' title='bbox 370 1207 387 1234; x_wconf 87' lang='lat'><strong>“</strong></span> <span class='ocrx_word' id='word_1_24' title='bbox 412 1219 509 1283; x_wconf 88' lang='lat' dir='ltr'><strong>quem</strong></span> <span class='ocrx_word' id='word_1_25' title='bbox 532 1198 569 1261; x_wconf 93' lang='lat' dir='ltr'><strong>in</strong></span> <span class='ocrx_word' id='word_1_26' title='bbox 591 1199 686 1265; x_wconf 84' lang='lat' dir='ltr'><strong>eorde</strong></span> <span class='ocrx_word' id='word_1_27' title='bbox 709 1198 860 1276; x_wconf 88' lang='lat' dir='ltr'><strong>habebat,</strong></span> <span class='ocrx_word' id='word_1_28' title='bbox 883 1220 958 1264; x_wconf 89' lang='lat' dir='ltr'><strong>eum</strong></span> <span class='ocrx_word' id='word_1_29' title='bbox 980 1199 1141 1264; x_wconf 88' lang='lat' dir='ltr'><strong>ministris</strong></span> <span class='ocrx_word' id='word_1_30' title='bbox 1164 1199 1232 1264; x_wconf 89' lang='lat' dir='ltr'><strong>suis</strong></span> <span class='ocrx_word' id='word_1_31' title='bbox 1254 1199 1299 1264; x_wconf 85' lang='lat' dir='ltr'><strong>ad</strong></span> <span class='ocrx_word' id='word_1_32' title='bbox 1321 1198 1425 1265; x_wconf 84' lang='lat' dir='ltr'><strong>eeele·</strong></span> 
     </span>
     <span class='ocr_line' id='line_1_5' title="bbox 371 1298 1431 1385; baseline 0.001 -22"><span class='ocrx_word' id='word_1_33' title='bbox 371 1308 386 1334; x_wconf 90' lang='lat'><strong>“</strong></span> <span class='ocrx_word' id='word_1_34' title='bbox 411 1299 493 1365; x_wconf 90' lang='lat' dir='ltr'><strong>siam</strong></span> <span class='ocrx_word' id='word_1_35' title='bbox 516 1321 701 1385; x_wconf 87' lang='lat' dir='ltr'><strong>properans,</strong></span> <span class='ocrx_word' id='word_1_36' title='bbox 725 1299 807 1362; x_wconf 91' lang='lat' dir='ltr'><strong>mihi</strong></span> <span class='ocrx_word' id='word_1_37' title='bbox 830 1320 951 1384; x_wconf 87' lang='lat' dir='ltr'><strong>aquam</strong></span> <span class='ocrx_word' id='word_1_38' title='bbox 981 1300 1188 1366; x_wconf 69' lang='lat' dir='ltr'>benedictam</span> <span class='ocrx_word' id='word_1_39' title='bbox 1219 1298 1315 1365; x_wconf 87' lang='lat' dir='ltr'><strong>danti</strong></span> <span class='ocrx_word' id='word_1_40' title='bbox 1349 1304 1431 1384; x_wconf 78' lang='lat' dir='ltr'><strong>post</strong></span> 
     </span>
     <span class='ocr_line' id='line_1_6' title="bbox 370 1399 1429 1486; baseline -0.003 -19"><span class='ocrx_word' id='word_1_41' title='bbox 370 1410 387 1436; x_wconf 90' lang='lat'><strong>“</strong></span> <span class='ocrx_word' id='word_1_42' title='bbox 410 1399 679 1486; x_wconf 84' lang='lat' dir='ltr'><strong>completorium¹</strong></span> <span class='ocrx_word' id='word_1_43' title='bbox 708 1400 866 1465; x_wconf 82' lang='lat' dir='ltr'><strong>fratribus</strong></span> <span class='ocrx_word' id='word_1_44' title='bbox 888 1402 929 1465; x_wconf 88' lang='lat' dir='ltr'><strong>de</strong></span> <span class='ocrx_word' id='word_1_45' title='bbox 959 1423 1057 1479; x_wconf 90' lang='lat' dir='ltr'><strong>more,</strong></span> <span class='ocrx_word' id='word_1_46' title='bbox 1088 1402 1146 1486; x_wconf 90' lang='lat' dir='ltr'><strong>qui</strong></span> <span class='ocrx_word' id='word_1_47' title='bbox 1176 1402 1358 1466; x_wconf 82' lang='lat' dir='ltr'><strong>moriturus</strong></span> <span class='ocrx_word' id='word_1_48' title='bbox 1388 1400 1429 1464; x_wconf 91' lang='lat' dir='ltr'><strong>in</strong></span> 
     </span>
     <span class='ocr_line' id='line_1_7' title="bbox 370 1501 1427 1589; baseline -0.001 -23"><span class='ocrx_word' id='word_1_49' title='bbox 370 1510 387 1537; x_wconf 90' lang='lat'><strong><em>“</em></strong></span> <span class='ocrx_word' id='word_1_50' title='bbox 410 1503 566 1587; x_wconf 71' lang='lat' dir='ltr'><strong>prasenti</strong></span> <span class='ocrx_word' id='word_1_51' title='bbox 611 1501 870 1587; x_wconf 74' lang='lat' dir='ltr'><strong>exspectabatur,</strong></span> <span class='ocrx_word' id='word_1_52' title='bbox 894 1524 1038 1587; x_wconf 76' lang='lat' dir='ltr'><strong>praesens</strong></span> <span class='ocrx_word' id='word_1_53' title='bbox 1068 1502 1229 1589; x_wconf 86' lang='lat' dir='ltr'><strong>apparuit.</strong></span> <span class='ocrx_word' id='word_1_54' title='bbox 1293 1501 1427 1579; x_wconf 79' lang='lat' dir='ltr'><strong>Fateor,</strong></span> 
     </span>
     <span class='ocr_line' id='line_1_8' title="bbox 370 1602 1428 1689; baseline 0.001 -23"><span class='ocrx_word' id='word_1_55' title='bbox 370 1611 386 1636; x_wconf 82' lang='lat'><strong>‘¹</strong></span> <span class='ocrx_word' id='word_1_56' title='bbox 409 1604 611 1689; x_wconf 79' lang='lat' dir='ltr'><strong>stupefactus</strong></span> <span class='ocrx_word' id='word_1_57' title='bbox 634 1603 762 1687; x_wconf 79' lang='lat' dir='ltr'><strong>expavi.</strong></span> <span class='ocrx_word' id='word_1_58' title='bbox 809 1602 955 1667; x_wconf 80' lang='lat' dir='ltr'><strong>Tandem</strong></span> <span class='ocrx_word' id='word_1_59' title='bbox 978 1605 1015 1666; x_wconf 92' lang='lat' dir='ltr'><strong>in</strong></span> <span class='ocrx_word' id='word_1_60' title='bbox 1045 1625 1097 1668; x_wconf 94' lang='lat' dir='ltr'><strong>me</strong></span> <span class='ocrx_word' id='word_1_61' title='bbox 1122 1624 1283 1680; x_wconf 85' lang='lat' dir='ltr'><strong>reversus,</strong></span> <span class='ocrx_word' id='word_1_62' title='bbox 1307 1610 1344 1667; x_wconf 88' lang='lat' dir='ltr'><strong>et</strong></span> <span class='ocrx_word' id='word_1_63' title='bbox 1373 1624 1428 1667; x_wconf 88' lang='lat' dir='ltr'><strong>re-</strong></span> 
     </span>
     <span class='ocr_line' id='line_1_9' title="bbox 368 1703 1426 1789; baseline 0 -21"><span class='ocrx_word' id='word_1_64' title='bbox 368 1712 386 1743; x_wconf 83' lang='lat'><em>“</em></span> <span class='ocrx_word' id='word_1_65' title='bbox 408 1705 579 1789; x_wconf 86' lang='lat' dir='ltr'><strong>pentinam</strong></span> <span class='ocrx_word' id='word_1_66' title='bbox 601 1703 687 1770; x_wconf 88' lang='lat' dir='ltr'><strong>hane</strong></span> <span class='ocrx_word' id='word_1_67' title='bbox 708 1703 926 1768; x_wconf 79' lang='lat' dir='ltr'><strong>mutationem</strong></span> <span class='ocrx_word' id='word_1_68' title='bbox 962 1705 1106 1769; x_wconf 83' lang='lat' dir='ltr'><strong>dexterae</strong></span> <span class='ocrx_word' id='word_1_69' title='bbox 1141 1703 1270 1770; x_wconf 84' lang='lat' dir='ltr'><strong>Excelsi</strong></span> <span class='ocrx_word' id='word_1_70' title='bbox 1302 1724 1426 1789; x_wconf 82' lang='lat' dir='ltr'><strong>eogno-</strong></span> 
     </span>
     <span class='ocr_line' id='line_1_10' title="bbox 369 1804 1426 1891; baseline -0.001 -22"><span class='ocrx_word' id='word_1_71' title='bbox 369 1812 386 1839; x_wconf 86' lang='lat'>“</span> <span class='ocrx_word' id='word_1_72' title='bbox 409 1826 509 1883; x_wconf 83' lang='lat' dir='ltr'><strong>scens,</strong></span> <span class='ocrx_word' id='word_1_73' title='bbox 547 1827 667 1891; x_wconf 81' lang='lat' dir='ltr'><strong>aquam</strong></span> <span class='ocrx_word' id='word_1_74' title='bbox 712 1805 919 1871; x_wconf 77' lang='lat' dir='ltr'><strong>benedictam</strong></span> <span class='ocrx_word' id='word_1_75' title='bbox 965 1806 1113 1891; x_wconf 81' lang='lat' dir='ltr'><strong>poseanti</strong></span> <span class='ocrx_word' id='word_1_76' title='bbox 1151 1805 1291 1891; x_wconf 84' lang='lat' dir='ltr'><strong>porrexi.</strong></span> <span class='ocrx_word' id='word_1_77' title='bbox 1356 1804 1426 1885; x_wconf 79' lang='lat' dir='ltr'><strong>Qui</strong></span> 
     </span>
     <span class='ocr_line' id='line_1_11' title="bbox 369 1907 1424 1993; baseline -0.002 -21"><span class='ocrx_word' id='word_1_78' title='bbox 369 1917 386 1942; x_wconf 90' lang='lat'><strong>“</strong></span> <span class='ocrx_word' id='word_1_79' title='bbox 409 1908 523 1973; x_wconf 85' lang='lat' dir='ltr'><strong>statim</strong></span> <span class='ocrx_word' id='word_1_80' title='bbox 546 1908 588 1974; x_wconf 89' lang='lat' dir='ltr'><strong>ad</strong></span> <span class='ocrx_word' id='word_1_81' title='bbox 610 1909 714 1974; x_wconf 87' lang='lat' dir='ltr'><strong>altare</strong></span> <span class='ocrx_word' id='word_1_82' title='bbox 736 1909 824 1993; x_wconf 91' lang='lat' dir='ltr'><strong>quod</strong></span> <span class='ocrx_word' id='word_1_83' title='bbox 847 1908 884 1971; x_wconf 89' lang='lat' dir='ltr'><strong>in</strong></span> <span class='ocrx_word' id='word_1_84' title='bbox 906 1907 1028 1973; x_wconf 91' lang='lat' dir='ltr'><strong>honore</strong></span> <span class='ocrx_word' id='word_1_85' title='bbox 1050 1908 1140 1973; x_wconf 86' lang='lat' dir='ltr'><strong>beati</strong></span> <span class='ocrx_word' id='word_1_86' title='bbox 1163 1907 1321 1992; x_wconf 86' lang='lat' dir='ltr'><strong>martyris</strong></span> <span class='ocrx_word' id='word_1_87' title='bbox 1344 1927 1424 1973; x_wconf 86' lang='lat' dir='ltr'><strong>eon-</strong></span> 
     </span>
     <span class='ocr_line' id='line_1_12' title="bbox 369 2009 1426 2096; baseline 0 -22"><span class='ocrx_word' id='word_1_88' title='bbox 369 2018 385 2043; x_wconf 92' lang='lat'><strong>“</strong></span> <span class='ocrx_word' id='word_1_89' title='bbox 408 2016 570 2076; x_wconf 77' lang='lat' dir='ltr'><strong>sacratum</strong></span> <span class='ocrx_word' id='word_1_90' title='bbox 601 2016 651 2075; x_wconf 91' lang='lat' dir='ltr'><strong>est</strong></span> <span class='ocrx_word' id='word_1_91' title='bbox 681 2011 805 2096; x_wconf 81' lang='lat' dir='ltr'><strong>gratias</strong></span> <span class='ocrx_word' id='word_1_92' title='bbox 828 2017 863 2075; x_wconf 86' lang='lat' dir='ltr'><strong>et</strong></span> <span class='ocrx_word' id='word_1_93' title='bbox 884 2009 999 2075; x_wconf 85' lang='lat' dir='ltr'><strong>laudes</strong></span> <span class='ocrx_word' id='word_1_94' title='bbox 1021 2010 1210 2075; x_wconf 83' lang='lat' dir='ltr'><strong>redditurus</strong></span> <span class='ocrx_word' id='word_1_95' title='bbox 1233 2029 1426 2094; x_wconf 84' lang='lat' dir='ltr'><strong>properans,</strong></span> 
     </span>
     <span class='ocr_line' id='line_1_13' title="bbox 368 2110 953 2196; baseline 0.002 -22"><span class='ocrx_word' id='word_1_96' title='bbox 368 2119 384 2144; x_wconf 94' lang='lat'><strong>“</strong></span> <span class='ocrx_word' id='word_1_97' title='bbox 408 2116 538 2176; x_wconf 86' lang='lat' dir='ltr'><strong>noctem</strong></span> <span class='ocrx_word' id='word_1_98' title='bbox 561 2110 608 2177; x_wconf 90' lang='lat' dir='ltr'><strong>ibi</strong></span> <span class='ocrx_word' id='word_1_99' title='bbox 632 2112 730 2175; x_wconf 80' lang='lat' dir='ltr'><strong>duxit</strong></span> <span class='ocrx_word' id='word_1_100' title='bbox 752 2111 953 2196; x_wconf 83' lang='lat' dir='ltr'><strong>pervigilem.</strong></span> 
     </span>
    </p>

    <p class='ocr_par' dir='ltr' id='par_1_3' title="bbox 366 2209 1424 3198">
     <span class='ocr_line' id='line_1_14' title="bbox 412 2209 1424 2296; baseline 0 -23"><span class='ocrx_word' id='word_1_101' title='bbox 412 2220 429 2244; x_wconf 90' lang='lat'>“</span> <span class='ocrx_word' id='word_1_102' title='bbox 452 2211 564 2275; x_wconf 86' lang='lat' dir='ltr'><strong>Tertia</strong></span> <span class='ocrx_word' id='word_1_103' title='bbox 586 2216 697 2275; x_wconf 89' lang='lat' dir='ltr'><strong>autem</strong></span> <span class='ocrx_word' id='word_1_104' title='bbox 720 2216 796 2296; x_wconf 88' lang='lat' dir='ltr'><strong>post</strong></span> <span class='ocrx_word' id='word_1_105' title='bbox 817 2211 958 2276; x_wconf 86' lang='lat' dir='ltr'><strong>salutem</strong></span> <span class='ocrx_word' id='word_1_106' title='bbox 980 2212 1144 2276; x_wconf 77' lang='lat' dir='ltr'><strong>redditam</strong></span> <span class='ocrx_word' id='word_1_107' title='bbox 1160 2211 1222 2288; x_wconf 89' lang='lat' dir='ltr'><strong>die,</strong></span> <span class='ocrx_word' id='word_1_108' title='bbox 1237 2210 1293 2274; x_wconf 85' lang='lat' dir='ltr'><strong>ilie</strong></span> <span class='ocrx_word' id='word_1_109' title='bbox 1308 2209 1424 2274; x_wconf 84' lang='lat' dir='ltr'><strong>minus</strong></span> 
     </span>
     <span class='ocr_line' id='line_1_15' title="bbox 368 2311 1421 2398; baseline -0.002 -22"><span class='ocrx_word' id='word_1_110' title='bbox 368 2320 384 2345; x_wconf 93' lang='lat'><strong>“</strong></span> <span class='ocrx_word' id='word_1_111' title='bbox 408 2318 504 2377; x_wconf 86' lang='lat' dir='ltr'><strong>caute</strong></span> <span class='ocrx_word' id='word_1_112' title='bbox 535 2334 635 2398; x_wconf 84' lang='lat' dir='ltr'><strong>agens</strong></span> <span class='ocrx_word' id='word_1_113' title='bbox 669 2312 712 2377; x_wconf 91' lang='lat' dir='ltr'><strong>ad</strong></span> <span class='ocrx_word' id='word_1_114' title='bbox 746 2312 962 2378; x_wconf 90' lang='lat' dir='ltr'><strong>removendos</strong></span> <span class='ocrx_word' id='word_1_115' title='bbox 992 2312 1114 2377; x_wconf 87' lang='lat' dir='ltr'><strong>calores</strong></span> <span class='ocrx_word' id='word_1_116' title='bbox 1138 2333 1219 2395; x_wconf 87' lang='lat' dir='ltr'><strong>quos</strong></span> <span class='ocrx_word' id='word_1_117' title='bbox 1242 2311 1353 2377; x_wconf 88' lang='lat' dir='ltr'><strong>adhue</strong></span> <span class='ocrx_word' id='word_1_118' title='bbox 1383 2311 1421 2374; x_wconf 92' lang='lat' dir='ltr'><strong>in</strong></span> 
     </span>
     <span class='ocr_line' id='line_1_16' title="bbox 368 2412 1422 2500; baseline 0 -23"><span class='ocrx_word' id='word_1_119' title='bbox 368 2421 384 2446; x_wconf 91' lang='lat'>“</span> <span class='ocrx_word' id='word_1_120' title='bbox 407 2414 489 2498; x_wconf 88' lang='lat' dir='ltr'><strong>pede</strong></span> <span class='ocrx_word' id='word_1_121' title='bbox 512 2418 626 2479; x_wconf 83' lang='lat' dir='ltr'><strong>aurato</strong></span> <span class='ocrx_word' id='word_1_122' title='bbox 649 2413 844 2499; x_wconf 85' lang='lat' dir='ltr'><strong>patiebatur,</strong></span> <span class='ocrx_word' id='word_1_123' title='bbox 869 2414 1071 2500; x_wconf 82' lang='lat' dir='ltr'><strong>sanguinem,</strong></span> <span class='ocrx_word' id='word_1_124' title='bbox 1094 2412 1200 2477; x_wconf 81' lang='lat' dir='ltr'><strong>veluti</strong></span> <span class='ocrx_word' id='word_1_125' title='bbox 1234 2412 1422 2477; x_wconf 86' lang='lat' dir='ltr'><strong>fomentum</strong></span> 
     </span>
     <span class='ocr_line' id='line_1_17' title="bbox 368 2512 1422 2599; baseline -0.001 -19"><span class='ocrx_word' id='word_1_126' title='bbox 368 2522 384 2548; x_wconf 92' lang='lat'><strong>“</strong></span> <span class='ocrx_word' id='word_1_127' title='bbox 410 2514 535 2592; x_wconf 84' lang='lat' dir='ltr'><strong>caloris,</strong></span> <span class='ocrx_word' id='word_1_128' title='bbox 558 2515 598 2578; x_wconf 90' lang='lat' dir='ltr'><strong>de</strong></span> <span class='ocrx_word' id='word_1_129' title='bbox 621 2514 736 2578; x_wconf 89' lang='lat' dir='ltr'><strong>eodem</strong></span> <span class='ocrx_word' id='word_1_130' title='bbox 758 2514 841 2599; x_wconf 88' lang='lat' dir='ltr'><strong>pede</strong></span> <span class='ocrx_word' id='word_1_131' title='bbox 864 2515 1012 2579; x_wconf 90' lang='lat' dir='ltr'><strong>minuere</strong></span> <span class='ocrx_word' id='word_1_132' title='bbox 1034 2514 1120 2579; x_wconf 88' lang='lat' dir='ltr'><strong>ferro</strong></span> <span class='ocrx_word' id='word_1_133' title='bbox 1149 2515 1304 2579; x_wconf 84' lang='lat' dir='ltr'><strong>tentavit.</strong></span> <span class='ocrx_word' id='word_1_134' title='bbox 1352 2512 1422 2579; x_wconf 77' lang='lat' dir='ltr'><strong>sed</strong></span> 
     </span>
     <span class='ocr_line' id='line_1_18' title="bbox 367 2615 1421 2701; baseline 0 -21"><span class='ocrx_word' id='word_1_135' title='bbox 367 2623 383 2648; x_wconf 89' lang='lat'>“</span> <span class='ocrx_word' id='word_1_136' title='bbox 406 2615 564 2700; x_wconf 83' lang='lat' dir='ltr'><strong>sanguine</strong></span> <span class='ocrx_word' id='word_1_137' title='bbox 587 2616 623 2678; x_wconf 92' lang='lat' dir='ltr'><strong>in</strong></span> <span class='ocrx_word' id='word_1_138' title='bbox 646 2621 756 2700; x_wconf 86' lang='lat' dir='ltr'><strong>partes</strong></span> <span class='ocrx_word' id='word_1_139' title='bbox 778 2616 860 2680; x_wconf 83' lang='lat' dir='ltr'><strong>alias</strong></span> <span class='ocrx_word' id='word_1_140' title='bbox 883 2616 1060 2693; x_wconf 86' lang='lat' dir='ltr'><strong>seeedente,</strong></span> <span class='ocrx_word' id='word_1_141' title='bbox 1084 2616 1133 2681; x_wconf 87' lang='lat' dir='ltr'><strong>ita</strong></span> <span class='ocrx_word' id='word_1_142' title='bbox 1155 2620 1195 2680; x_wconf 86' lang='lat' dir='ltr'><strong>ut</strong></span> <span class='ocrx_word' id='word_1_143' title='bbox 1227 2637 1288 2680; x_wconf 89' lang='lat' dir='ltr'><strong>nee</strong></span> <span class='ocrx_word' id='word_1_144' title='bbox 1318 2620 1421 2701; x_wconf 78' lang='lat' dir='ltr'><strong>gutta</strong></span> 
     </span>
     <span class='ocr_line' id='line_1_19' title="bbox 367 2715 1421 2801; baseline 0.002 -23"><span class='ocrx_word' id='word_1_145' title='bbox 367 2715 540 2800; x_wconf 87' lang='lat' dir='ltr'><strong>“quidem</strong></span> <span class='ocrx_word' id='word_1_146' title='bbox 573 2716 702 2780; x_wconf 86' lang='lat' dir='ltr'><strong>extrahi</strong></span> <span class='ocrx_word' id='word_1_147' title='bbox 737 2722 854 2801; x_wconf 86' lang='lat' dir='ltr'><strong>posset,</strong></span> <span class='ocrx_word' id='word_1_148' title='bbox 877 2718 971 2781; x_wconf 88' lang='lat' dir='ltr'><strong>adest</strong></span> <span class='ocrx_word' id='word_1_149' title='bbox 1003 2718 1034 2781; x_wconf 90' lang='lat' dir='ltr'><strong>ei</strong></span> <span class='ocrx_word' id='word_1_150' title='bbox 1065 2723 1161 2781; x_wconf 87' lang='lat' dir='ltr'><strong>noete</strong></span> <span class='ocrx_word' id='word_1_151' title='bbox 1194 2717 1266 2801; x_wconf 88' lang='lat' dir='ltr'><strong>ipsa</strong></span> <span class='ocrx_word' id='word_1_152' title='bbox 1299 2716 1421 2782; x_wconf 88' lang='lat' dir='ltr'><strong>beatus</strong></span> 
     </span>
     <span class='ocr_line' id='line_1_20' title="bbox 367 2817 1421 2903; baseline 0 -23"><span class='ocrx_word' id='word_1_153' title='bbox 367 2825 383 2850; x_wconf 92' lang='lat'><strong>“</strong></span> <span class='ocrx_word' id='word_1_154' title='bbox 405 2823 540 2901; x_wconf 79' lang='lat' dir='ltr'><strong>martyr,</strong></span> <span class='ocrx_word' id='word_1_155' title='bbox 564 2817 680 2902; x_wconf 87' lang='lat' dir='ltr'><strong>pedem</strong></span> <span class='ocrx_word' id='word_1_156' title='bbox 714 2839 840 2903; x_wconf 79' lang='lat' dir='ltr'><strong>aegrum</strong></span> <span class='ocrx_word' id='word_1_157' title='bbox 873 2823 1012 2903; x_wconf 85' lang='lat' dir='ltr'><strong>tangens</strong></span> <span class='ocrx_word' id='word_1_158' title='bbox 1044 2821 1079 2882; x_wconf 87' lang='lat' dir='ltr'><strong>et</strong></span> <span class='ocrx_word' id='word_1_159' title='bbox 1109 2823 1248 2902; x_wconf 88' lang='lat' dir='ltr'><strong>tergens,</strong></span> <span class='ocrx_word' id='word_1_160' title='bbox 1279 2817 1421 2883; x_wconf 84' lang='lat' dir='ltr'><strong>sanitati</strong></span> 
     </span>
     <span class='ocr_line' id='line_1_21' title="bbox 367 2919 1421 3004; baseline 0.001 -22"><span class='ocrx_word' id='word_1_161' title='bbox 367 2919 582 2983; x_wconf 82' lang='lat' dir='ltr'><strong>“restituens</strong></span> <span class='ocrx_word' id='word_1_162' title='bbox 616 2924 651 2983; x_wconf 84' lang='lat' dir='ltr'><strong>et</strong></span> <span class='ocrx_word' id='word_1_163' title='bbox 684 2919 887 2984; x_wconf 83' lang='lat' dir='ltr'><strong>confirmans.</strong></span> <span class='ocrx_word' id='word_1_164' title='bbox 934 2919 1045 3004; x_wconf 85' lang='lat' dir='ltr'><strong>Hujus</strong></span> <span class='ocrx_word' id='word_1_165' title='bbox 1078 2919 1127 2983; x_wconf 88' lang='lat' dir='ltr'><strong>rei</strong></span> <span class='ocrx_word' id='word_1_166' title='bbox 1161 2924 1261 2983; x_wconf 84' lang='lat' dir='ltr'><strong>testes</strong></span> <span class='ocrx_word' id='word_1_167' title='bbox 1293 2940 1421 2995; x_wconf 87' lang='lat' dir='ltr'><strong>sumus,</strong></span> 
     </span>
     <span class='ocr_line' id='line_1_22' title="bbox 366 3019 1422 3105; baseline 0.002 -22"><span class='ocrx_word' id='word_1_168' title='bbox 366 3028 382 3054; x_wconf 92' lang='lat'><strong>“</strong></span> <span class='ocrx_word' id='word_1_169' title='bbox 405 3022 484 3105; x_wconf 86' lang='lat' dir='ltr'><strong>quia</strong></span> <span class='ocrx_word' id='word_1_170' title='bbox 505 3042 621 3085; x_wconf 86' lang='lat' dir='ltr'><strong>verum</strong></span> <span class='ocrx_word' id='word_1_171' title='bbox 637 3026 688 3084; x_wconf 85' lang='lat' dir='ltr'><strong>est</strong></span> <span class='ocrx_word' id='word_1_172' title='bbox 710 3021 937 3084; x_wconf 87' lang='lat' dir='ltr'><strong>testimonium</strong></span> <span class='ocrx_word' id='word_1_173' title='bbox 960 3026 1117 3096; x_wconf 88' lang='lat' dir='ltr'><strong>nostrum,</strong></span> <span class='ocrx_word' id='word_1_174' title='bbox 1133 3020 1162 3083; x_wconf 89' lang='lat' dir='ltr'><strong>si</strong></span> <span class='ocrx_word' id='word_1_175' title='bbox 1178 3019 1311 3104; x_wconf 90' lang='lat' dir='ltr'><strong>quidem</strong></span> <span class='ocrx_word' id='word_1_176' title='bbox 1325 3020 1422 3105; x_wconf 90' lang='lat' dir='ltr'><strong>quod</strong></span> 
     </span>
     <span class='ocr_line' id='line_1_23' title="bbox 367 3121 1102 3198; baseline -0.003 -11"><span class='ocrx_word' id='word_1_177' title='bbox 367 3130 382 3155; x_wconf 92' lang='lat'><strong>“</strong></span> <span class='ocrx_word' id='word_1_178' title='bbox 404 3122 594 3187; x_wconf 87' lang='lat' dir='ltr'><strong>audivimus</strong></span> <span class='ocrx_word' id='word_1_179' title='bbox 617 3127 651 3186; x_wconf 91' lang='lat' dir='ltr'><strong>et</strong></span> <span class='ocrx_word' id='word_1_180' title='bbox 672 3122 825 3198; x_wconf 86' lang='lat' dir='ltr'><strong>vidimus,</strong></span> <span class='ocrx_word' id='word_1_181' title='bbox 849 3121 911 3187; x_wconf 88' lang='lat' dir='ltr'><strong>hoe</strong></span> <span class='ocrx_word' id='word_1_182' title='bbox 933 3127 1102 3187; x_wconf 86' lang='lat' dir='ltr'><strong>testamur.</strong></span> 
     </span>
    </p>

    <p class='ocr_par' dir='ltr' id='par_1_4' title="bbox 363 3221 1494 4017">
     <span class='ocr_line' id='line_1_24' title="bbox 409 3221 1494 3307; baseline -0.001 -20"><span class='ocrx_word' id='word_1_183' title='bbox 409 3225 521 3289; x_wconf 87' lang='lat' dir='ltr'><strong>“Haee</strong></span> <span class='ocrx_word' id='word_1_184' title='bbox 543 3225 657 3307; x_wconf 87' lang='lat' dir='ltr'><strong>itaque</strong></span> <span class='ocrx_word' id='word_1_185' title='bbox 679 3224 781 3300; x_wconf 90' lang='lat' dir='ltr'><strong>vebis,</strong></span> <span class='ocrx_word' id='word_1_186' title='bbox 805 3223 1017 3298; x_wconf 85' lang='lat' dir='ltr'><strong>dilectissimi,</strong></span> <span class='ocrx_word' id='word_1_187' title='bbox 1041 3222 1229 3287; x_wconf 88' lang='lat' dir='ltr'><strong>nuntianda</strong></span> <span class='ocrx_word' id='word_1_188' title='bbox 1248 3221 1419 3307; x_wconf 79' lang='lat' dir='ltr'><strong>judicavi-</strong></span> <span class='ocrx_word' id='word_1_189' title='bbox 1491 3284 1494 3295; x_wconf 87' lang='grc'>,</span> 
     </span>
     <span class='ocr_line' id='line_1_25' title="bbox 364 3322 1420 3409; baseline 0.001 -21"><span class='ocrx_word' id='word_1_190' title='bbox 364 3332 380 3359; x_wconf 89' lang='grc'><strong>“</strong></span> <span class='ocrx_word' id='word_1_191' title='bbox 403 3346 484 3400; x_wconf 88' lang='lat' dir='ltr'><strong>mus,</strong></span> <span class='ocrx_word' id='word_1_192' title='bbox 520 3325 639 3408; x_wconf 89' lang='lat' dir='ltr'><strong>quibus</strong></span> <span class='ocrx_word' id='word_1_193' title='bbox 670 3322 777 3386; x_wconf 75' lang='lat' dir='ltr'><strong>nihil²</strong></span> <span class='ocrx_word' id='word_1_194' title='bbox 815 3326 979 3409; x_wconf 83' lang='lat' dir='ltr'><strong>aeeeptius</strong></span> <span class='ocrx_word' id='word_1_195' title='bbox 1016 3325 1084 3389; x_wconf 88' lang='lat' dir='ltr'><strong>fore</strong></span> <span class='ocrx_word' id='word_1_196' title='bbox 1122 3322 1284 3389; x_wconf 86' lang='lat' dir='ltr'><strong>eredimus</strong></span> <span class='ocrx_word' id='word_1_197' title='bbox 1314 3345 1420 3408; x_wconf 85' lang='lat' dir='ltr'><strong>quam</strong></span> 
     </span>
     <span class='ocr_line' id='line_1_26' title="bbox 364 3422 1418 3510; baseline 0.002 -21"><span class='ocrx_word' id='word_1_198' title='bbox 364 3432 380 3458; x_wconf 90' lang='lat'>“</span> <span class='ocrx_word' id='word_1_199' title='bbox 402 3425 514 3507; x_wconf 86' lang='lat' dir='ltr'><strong>aliqua</strong></span> <span class='ocrx_word' id='word_1_200' title='bbox 551 3424 640 3488; x_wconf 91' lang='lat' dir='ltr'><strong>beati</strong></span> <span class='ocrx_word' id='word_1_201' title='bbox 678 3422 834 3508; x_wconf 83' lang='lat' dir='ltr'><strong>martyris</strong></span> <span class='ocrx_word' id='word_1_202' title='bbox 879 3425 1043 3510; x_wconf 84' lang='lat' dir='ltr'><strong>magnalia</strong></span> <span class='ocrx_word' id='word_1_203' title='bbox 1078 3430 1167 3490; x_wconf 83' lang='lat' dir='ltr'><strong>certa</strong></span> <span class='ocrx_word' id='word_1_204' title='bbox 1195 3425 1318 3490; x_wconf 89' lang='lat' dir='ltr'><strong>audire.</strong></span> <span class='ocrx_word' id='word_1_205' title='bbox 1377 3425 1418 3491; x_wconf 78' lang='lat' dir='ltr'><strong>si</strong></span> 
     </span>
     <span class='ocr_line' id='line_1_27' title="bbox 364 3523 1419 3610; baseline 0.006 -25"><span class='ocrx_word' id='word_1_206' title='bbox 364 3532 380 3557; x_wconf 88' lang='lat'>“</span> <span class='ocrx_word' id='word_1_207' title='bbox 403 3523 484 3607; x_wconf 88' lang='lat' dir='ltr'><strong>quid</strong></span> <span class='ocrx_word' id='word_1_208' title='bbox 515 3528 627 3587; x_wconf 90' lang='lat' dir='ltr'><strong>autem</strong></span> <span class='ocrx_word' id='word_1_209' title='bbox 662 3523 772 3588; x_wconf 92' lang='lat' dir='ltr'><strong>minus</strong></span> <span class='ocrx_word' id='word_1_210' title='bbox 804 3524 839 3587; x_wconf 90' lang='lat' dir='ltr'><strong>in</strong></span> <span class='ocrx_word' id='word_1_211' title='bbox 877 3525 997 3590; x_wconf 88' lang='lat' dir='ltr'><strong>litteris</strong></span> <span class='ocrx_word' id='word_1_212' title='bbox 1031 3526 1227 3603; x_wconf 81' lang='lat' dir='ltr'><strong>continetur,</strong></span> <span class='ocrx_word' id='word_1_213' title='bbox 1251 3526 1340 3610; x_wconf 92' lang='lat' dir='ltr'><strong>quod</strong></span> <span class='ocrx_word' id='word_1_214' title='bbox 1371 3527 1419 3591; x_wconf 82' lang='lat' dir='ltr'><strong>ad</strong></span> 
     </span>
     <span class='ocr_line' id='line_1_28' title="bbox 365 3624 1419 3712; baseline 0.007 -26"><span class='ocrx_word' id='word_1_215' title='bbox 365 3624 550 3688; x_wconf 86' lang='lat' dir='ltr'><strong>“ordinem</strong></span> <span class='ocrx_word' id='word_1_216' title='bbox 582 3624 628 3688; x_wconf 91' lang='lat' dir='ltr'><strong>rei</strong></span> <span class='ocrx_word' id='word_1_217' title='bbox 662 3630 764 3711; x_wconf 83' lang='lat' dir='ltr'><strong>gestae</strong></span> <span class='ocrx_word' id='word_1_218' title='bbox 795 3627 966 3711; x_wconf 87' lang='lat' dir='ltr'><strong>pertineat,</strong></span> <span class='ocrx_word' id='word_1_219' title='bbox 998 3628 1211 3712; x_wconf 83' lang='lat' dir='ltr'><strong>pmesentium</strong></span> <span class='ocrx_word' id='word_1_220' title='bbox 1249 3627 1343 3705; x_wconf 89' lang='lat' dir='ltr'><strong>lator,</strong></span> <span class='ocrx_word' id='word_1_221' title='bbox 1378 3628 1419 3693; x_wconf 92' lang='lat' dir='ltr'><strong>in</strong></span> 
     </span>
     <span class='ocr_line' id='line_1_29' title="bbox 364 3725 1418 3809; baseline 0.007 -20"><span class='ocrx_word' id='word_1_222' title='bbox 364 3734 380 3759; x_wconf 92' lang='lat'><strong>“</strong></span> <span class='ocrx_word' id='word_1_223' title='bbox 405 3747 502 3809; x_wconf 89' lang='lat' dir='ltr'><strong>quem</strong></span> <span class='ocrx_word' id='word_1_224' title='bbox 525 3725 597 3790; x_wconf 71' lang='lat' dir='ltr'><strong>haec</strong></span> <span class='ocrx_word' id='word_1_225' title='bbox 618 3726 707 3791; x_wconf 85' lang='lat' dir='ltr'><strong>faeta</strong></span> <span class='ocrx_word' id='word_1_226' title='bbox 729 3735 816 3805; x_wconf 88' lang='lat' dir='ltr'><strong>sunt,</strong></span> <span class='ocrx_word' id='word_1_227' title='bbox 839 3729 918 3793; x_wconf 82' lang='lat' dir='ltr'><strong>viva</strong></span> <span class='ocrx_word' id='word_1_228' title='bbox 949 3750 1028 3794; x_wconf 82' lang='lat' dir='ltr'><strong>veae</strong></span> <span class='ocrx_word' id='word_1_229' title='bbox 1059 3730 1154 3793; x_wconf 85' lang='lat' dir='ltr'><strong>vobis</strong></span> <span class='ocrx_word' id='word_1_230' title='bbox 1187 3729 1288 3793; x_wconf 88' lang='lat' dir='ltr'><strong>latius</strong></span> <span class='ocrx_word' id='word_1_231' title='bbox 1319 3752 1418 3796; x_wconf 80' lang='lat' dir='ltr'><strong>enar-</strong></span> 
     </span>
     <span class='ocr_line' id='line_1_30' title="bbox 363 3828 1422 3915; baseline 0.008 -24"><span class='ocrx_word' id='word_1_232' title='bbox 363 3838 380 3862; x_wconf 89' lang='lat'>“</span> <span class='ocrx_word' id='word_1_233' title='bbox 403 3828 499 3893; x_wconf 86' lang='lat' dir='ltr'><strong>rabit.</strong></span> <span class='ocrx_word' id='word_1_234' title='bbox 544 3828 663 3893; x_wconf 89' lang='lat' dir='ltr'><strong>Valeat</strong></span> <span class='ocrx_word' id='word_1_235' title='bbox 686 3829 721 3892; x_wconf 92' lang='lat' dir='ltr'><strong>in</strong></span> <span class='ocrx_word' id='word_1_236' title='bbox 738 3828 871 3895; x_wconf 80' lang='lat' dir='ltr'><strong>Christo</strong></span> <span class='ocrx_word' id='word_1_237' title='bbox 894 3835 928 3894; x_wconf 92' lang='lat' dir='ltr'><strong>et</strong></span> <span class='ocrx_word' id='word_1_238' title='bbox 950 3836 1022 3895; x_wconf 88' lang='lat' dir='ltr'><strong>oret</strong></span> <span class='ocrx_word' id='word_1_239' title='bbox 1043 3852 1102 3915; x_wconf 90' lang='lat' dir='ltr'><strong>pro</strong></span> <span class='ocrx_word' id='word_1_240' title='bbox 1125 3830 1220 3896; x_wconf 88' lang='lat' dir='ltr'><strong>nobis</strong></span> <span class='ocrx_word' id='word_1_241' title='bbox 1243 3836 1359 3898; x_wconf 86' lang='lat' dir='ltr'><strong>saneta</strong></span> <span class='ocrx_word' id='word_1_242' title='bbox 1381 3840 1422 3899; x_wconf 88' lang='lat' dir='ltr'><strong>et</strong></span> 
     </span>
     <span class='ocr_line' id='line_1_31' title="bbox 363 3930 986 4017; baseline 0.003 -24"><span class='ocrx_word' id='word_1_243' title='bbox 363 3939 380 3963; x_wconf 88' lang='lat'><strong><em>“</em></strong></span> <span class='ocrx_word' id='word_1_244' title='bbox 402 3930 598 3995; x_wconf 87' lang='lat' dir='ltr'><strong>venerabilis</strong></span> <span class='ocrx_word' id='word_1_245' title='bbox 621 3935 731 3995; x_wconf 82' lang='lat' dir='ltr'><strong>vestra</strong></span> <span class='ocrx_word' id='word_1_246' title='bbox 754 3931 986 4017; x_wconf 81' lang='lat' dir='ltr'><strong>congregatie.”</strong></span> 
     </span>
    </p>
   </div>
   <div class='ocr_carea' id='block_1_3' title="bbox 364 4199 1420 4418">
    <p class='ocr_par' dir='ltr' id='par_1_5' title="bbox 364 4199 1420 4418">
     <span class='ocr_line' id='line_1_32' title="bbox 397 4199 1420 4267; baseline 0.001 -18"><span class='ocrx_word' id='word_1_247' title='bbox 397 4201 404 4233; x_wconf 91' lang='lat'><strong>¹</strong></span> <span class='ocrx_word' id='word_1_248' title='bbox 422 4199 622 4267; x_wconf 76' lang='lat' dir='ltr'><strong>compiecterium,</strong></span> <span class='ocrx_word' id='word_1_249' title='bbox 634 4201 691 4252; x_wconf 83' lang='lat' dir='ltr'><strong>MS.</strong></span> <span class='ocrx_word' id='word_1_250' title='bbox 910 4211 962 4262; x_wconf 91' lang='lat' dir='ltr'><strong>out,</strong></span> <span class='ocrx_word' id='word_1_251' title='bbox 973 4201 1061 4252; x_wconf 75' lang='lat' dir='ltr'><strong>before</strong></span> <span class='ocrx_word' id='word_1_252' title='bbox 1072 4202 1250 4266; x_wconf 77' lang='lat' dir='ltr'><strong>judicavimus,</strong></span> <span class='ocrx_word' id='word_1_253' title='bbox 1262 4217 1370 4267; x_wconf 84' lang='lat' dir='ltr'><strong>appears</strong></span> <span class='ocrx_word' id='word_1_254' title='bbox 1386 4214 1420 4258; x_wconf 80' lang='lat' dir='ltr'><strong>to</strong></span> 
     </span>
     <span class='ocr_line' id='line_1_33' title="bbox 396 4279 1194 4345; baseline 0.001 -16"><span class='ocrx_word' id='word_1_255' title='bbox 396 4279 407 4312; x_wconf 75' lang='lat'><em>²</em></span> <span class='ocrx_word' id='word_1_256' title='bbox 423 4279 484 4329; x_wconf 86' lang='lat' dir='ltr'><strong>This</strong></span> <span class='ocrx_word' id='word_1_257' title='bbox 497 4282 575 4340; x_wconf 86' lang='lat' dir='ltr'><strong>word,</strong></span> <span class='ocrx_word' id='word_1_258' title='bbox 586 4280 668 4330; x_wconf 84' lang='lat' dir='ltr'>which</span> <span class='ocrx_word' id='word_1_259' title='bbox 680 4279 706 4328; x_wconf 91' lang='lat' dir='ltr'><strong>in</strong></span> <span class='ocrx_word' id='word_1_260' title='bbox 718 4279 775 4329; x_wconf 83' lang='lat' dir='ltr'><strong>MS.</strong></span> <span class='ocrx_word' id='word_1_261' title='bbox 787 4279 862 4331; x_wconf 86' lang='lat' dir='ltr'><strong>Win·</strong></span> <span class='ocrx_word' id='word_1_262' title='bbox 910 4281 1003 4345; x_wconf 82' lang='lat' dir='ltr'><strong>belong</strong></span> <span class='ocrx_word' id='word_1_263' title='bbox 1014 4288 1041 4330; x_wconf 85' lang='lat' dir='ltr'><strong>te</strong></span> <span class='ocrx_word' id='word_1_264' title='bbox 1051 4280 1103 4331; x_wconf 82' lang='lat' dir='ltr'><strong>this</strong></span> <span class='ocrx_word' id='word_1_265' title='bbox 1114 4282 1194 4344; x_wconf 84' lang='lat' dir='ltr'><strong>place.</strong></span> 
     </span>
     <span class='ocr_line' id='line_1_34' title="bbox 364 4357 864 4418; baseline -0.004 -9"><span class='ocrx_word' id='word_1_266' title='bbox 364 4367 417 4409; x_wconf 87' lang='lat' dir='ltr'><strong>ten.</strong></span> <span class='ocrx_word' id='word_1_267' title='bbox 434 4360 485 4408; x_wconf 88' lang='lat' dir='ltr'><strong>had</strong></span> <span class='ocrx_word' id='word_1_268' title='bbox 505 4360 569 4409; x_wconf 81' lang='lat' dir='ltr'><strong>been</strong></span> <span class='ocrx_word' id='word_1_269' title='bbox 587 4357 694 4418; x_wconf 80' lang='lat' dir='ltr'><strong>written,</strong></span> <span class='ocrx_word' id='word_1_270' title='bbox 712 4360 759 4409; x_wconf 83' lang='lat' dir='ltr'><strong>but</strong></span> <span class='ocrx_word' id='word_1_271' title='bbox 777 4360 864 4409; x_wconf 81' lang='lat' dir='ltr'><strong>struck</strong></span> 
     </span>
    </p>
   </div>
   <div class='ocr_carea' id='block_1_4' title="bbox 0 0 1662 6240">
    <p class='ocr_par' dir='ltr' id='par_1_6' title="bbox 0 0 1662 6240">
     <span class='ocr_line' id='line_1_35' title="bbox 0 0 1662 6240; baseline 0 4"><span class='ocrx_word' id='word_1_272' title='bbox 0 0 1662 6240; x_wconf 95' lang='lat' dir='ltr'><strong> </strong></span> 
     </span>
    </p>
   </div>
  </div>
 </body>
</html>
