3316 6240
389 1302 457 1365 :210
631 1340 640 1357 .
725 1310 905 1359 annaeum
928 1311 952 1359 s.
977 1311 1114 1372 raons,
1309 1298 1390 1382 [cra
1406 1313 1445 1363 11.

392 1500 533 1565 fluidum
572 1504 672 1585 caput
705 1498 850 1562 humeris
888 1499 1100 1563 incumberet.
1157 1499 1296 1564 Jacebat
1332 1500 1446 1584 itaque

394 1601 581 1677 immobilia,
612 1600 832 1664 assidentibus
864 1600 977 1664 amicis
1011 1605 1046 1664 et
1075 1608 1235 1685 praesente
1271 1602 1445 1677 sacerdote,

394 1725 462 1767 non
501 1722 605 1766 vacua
630 1701 860 1766 consolationis
894 1702 1076 1778 attendens
1100 1723 1167 1765 nan
1199 1703 1337 1767 verbum
1371 1724 1447 1769 con·

393 1804 543 1869 fessionis
566 1803 728 1879 emittens,
753 1808 787 1866 et
809 1824 830 1865 a
853 1824 909 1885 spe
933 1803 1065 1885 penitus
1088 1804 1219 1868 excidit.
1268 1804 1391 1869 Tamen
1411 1805 1447 1867 in

394 1904 522 1968 Thema
553 1926 626 1988 spos
657 1903 755 1967 unica
784 1902 912 1977 resedit,
936 1903 1015 1985 quia
1044 1903 1232 1987 frequenter
1263 1905 1447 1970 consimilia

395 2006 538 2071 faciebat
550 2030 558 2084 ;

578 2133 682 2216 Cujus
704 2153 824 2194 nomen
848 2131 927 2193 dum
950 2138 1095 2208 vocatur,

577 2234 658 2319 Spes
681 2238 857 2297 vocantum
880 2253 946 2295 non
970 2232 1154 2311 frustratur,

575 2334 664 2397 Nam
687 2355 761 2399 cum
784 2333 891 2415 liquor
914 2333 1103 2409 instillatur,

577 2435 643 2514 Qui
666 2456 779 2499 cruore
803 2434 997 2510 rubricatur,

578 2536 707 2601 Collum
731 2558 876 2600 marcens
900 2536 1092 2621 integratur,

577 2637 657 2700 Vita
679 2637 773 2711 redit,
798 2658 864 2700 vox
888 2637 1026 2700 laxatur.

441 2784 636 2867 Collataque
659 2783 836 2847 confitendi
859 2783 1024 2859 facultate,
1048 2784 1207 2848 viaticum
1230 2806 1329 2849 sacrae
1361 2806 1446 2848 com·

396 2885 564 2949 munionis
589 2884 770 2968 percipiens
794 2884 881 2947 diem
914 2884 1104 2947 transduxit
1137 2885 1173 2947 in
1206 2885 1301 2949 diem.
1360 2884 1446 2950 Cum

396 3010 465 3072 qua
486 2988 609 3071 pariter
631 2987 771 3071 perfecte
794 2986 930 3050 sanitati
961 2986 1124 3063 restituta,
1148 2998 1272 3071 quanto
1303 2988 1446 3072 periculo

397 3090 514 3173 majori
546 3096 676 3153 mortua
706 3088 760 3151 vel
793 3109 881 3173 aegra
913 3088 1155 3172 subjiciebatur,
1180 3095 1274 3154 tanto
1306 3091 1446 3173 martyri

395 3192 514 3254 vivens
537 3190 590 3254 vcl
613 3189 726 3254 valens
749 3189 923 3274 obligatior
947 3190 1128 3253 tenebatur.

619 3458 702 3542 (50.)
726 3456 774 3521 Dc
796 3455 957 3520 rrmrmcbo
974 3455 1046 3541 sere
1067 3464 1208 3523 retortae.

222 3654 356 3716 Geoffrey,
439 3637 540 3701 Dicat
562 3637 685 3719 absquo
707 3635 818 3699 labore
845 3655 916 3698 meo
941 3634 1232 3719 Salopcsboricnsis
1263 3640 1297 3698 ct
1320 3635 1443 3699 Redin-

224 3736 243 3769 a
254 3722 332 3768 monk
345 3719 377 3769 of

226 3784 351 3849 Mag,
394 3738 504 3823 gensis
527 3736 661 3801 ecclesia
684 3736 764 3819 quid
787 3736 1030 3820 propitiationis
1053 3735 1219 3799 invenerit
1241 3735 1277 3797 in
1292 3742 1445 3818 martyre.

226 3853 340 3901 restored

226 3917 303 3967 when
313 3917 341 3993 in
396 3949 415 3973 a

225 3990 371 4045 extremity.

441 3837 655 3901 “Venerabili
680 3836 810 3900 domino
836 3835 951 3911 Odoni,
968 3835 1068 3920 priori
1092 3834 1448 3910 Cantuariensi,f1·ate1·

437 3938 682 4023 Ang[ustinus],
699 3936 917 4020 Radingensis
940 3935 1126 4011 monachus,
1143 3934 1283 3999 salutem
1306 3941 1340 4000 et
1362 3937 1447 4000 mul-

225 4050 416 4113 cf.Bene<1.“
439 4046 509 4104 tam
532 4040 567 4100 in
591 4038 723 4103 Christo
746 4037 963 4102 dilectionem.

226 4127 322 4176 Petrib.
335 4127 370 4175 iii.
444 4150 461 4176 a

223 4198 269 4255 85,
278 4194 319 4243 ed

226 4259 308 4309 Giles.

473 4142 620 4226 Dignum
643 4139 800 4203 duximus
825 4145 943 4203 vestrae
967 4138 1136 4203 sanctitati
1159 4161 1316 4224 magnum
1347 4141 1449 4224 quod·

398 4253 416 4278 ·'‘
441 4245 516 4307 dam
540 4249 574 4306 et
596 4241 719 4306 celebre
742 4242 779 4302 in
802 4241 897 4303 domo
921 4240 1122 4325 Radingensi
1146 4243 1288 4326 pandere
1311 4243 1449 4308 miracu-

397 4347 517 4407 “lum
579 4342 666 4405 Nam
706 4341 839 4424 quidam
883 4341 984 4405 frater
1021 4348 1142 4407 nostnc
1180 4344 1448 4429 congregationis,

397 4456 415 4481 “
440 4445 619 4510 (laufridus
642 4443 682 4506 de
699 4441 932 4525 Warengeford
955 4444 1095 4519 nomino,
1112 4443 1164 4505 vir
1179 4443 1273 4505 fortis
1296 4450 1330 4506 ct
1345 4444 1449 4505 bonus

398 4559 416 4581 “
440 4552 561 4617 cantor,
585 4545 681 4608 etde
705 4543 868 4627 prioribus
891 4544 1006 4606 domus
1030 4550 1157 4617 nostrae,
1181 4543 1376 4627 gratissima
1399 4543 1449 4606 in-

399 4657 417 4682 “
441 4647 597 4710 firmitate
628 4651 824 4729 preventus,
858 4650 900 4719 ct,
936 4650 974 4708 ut
1009 4646 1196 4728 putabatur,
1229 4644 1272 4708 ad
1303 4649 1450 4709 extrema

399 4759 417 4785 “
441 4750 608 4823 deductus,
639 4748 785 4811 onmimn
820 4768 973 4811 sensuum
997 4746 1208 4828 omniumque
1231 4747 1451 4810 membrorum

401 4864 417 4887 “
440 4852 582 4936 corporis
606 4848 709 4913 officio
726 4849 876 4932 privatus
898 4852 955 4911 est.
1004 4846 1091 4925 Quid
1115 4847 1233 4931 plma?
1281 4848 1449 4913 Convene-

400 4964 418 4989 “
440 4958 520 5017 runt
553 4953 670 5016 fratres
702 4971 814 5014 omnes
838 4954 877 5012 ut
911 4970 985 5012 cum
1024 4971 1066 5011 ex
1104 4971 1192 5015 more
1225 4950 1295 5015 oleo
1327 4960 1448 5017 sanctae

399 5066 418 5090 ‘¹
441 5055 605 5120 unctionis
636 5056 862 5137 perungerent.
909 5050 993 5115 Cum
1025 5058 1136 5117 autem
1159 5054 1200 5118 ad
1233 5055 1450 5139 receptionem

399 5166 419 5192 ⁴‘
441 5179 540 5223 sacrae
585 5152 822 5222 communionis
860 5153 1093 5238 perveniretur,
1132 5155 1294 5221 clamante
1332 5156 1447 5240 priore,
