<?xml version="1.0" encoding="UTF-8"?>
<!DOCTYPE html PUBLIC "-//W3C//DTD XHTML 1.0 Transitional//EN"
    "http://www.w3.org/TR/xhtml1/DTD/xhtml1-transitional.dtd">
<html xmlns="http://www.w3.org/1999/xhtml" xml:lang="en" lang="en">
 <head>
  <title>
</title>
<meta http-equiv="Content-Type" content="text/html;charset=utf-8" />
  <meta name='ocr-system' content='tesseract 3.04.00' />
  <meta name='ocr-capabilities' content='ocr_page ocr_carea ocr_par ocr_line ocrx_word'/>
</head>
<body>
  <div class='ocr_page' id='page_1' title='image "./materialsforhis01robegoog_0115.png"; bbox 0 0 3316 6240; ppageno 0'>
   <div class='ocr_carea' id='block_1_1' title="bbox 781 832 1074 895">
    <p class='ocr_par' dir='ltr' id='par_1_1' title="bbox 781 832 1074 895">
     <span class='ocr_line' id='line_1_1' title="bbox 781 832 1074 895; baseline 0.01 -14"><span class='ocrx_word' id='word_1_1' title='bbox 781 833 864 883; x_wconf 78' lang='lat' dir='ltr'>VITA</span> <span class='ocrx_word' id='word_1_2' title='bbox 885 834 911 885; x_wconf 81' lang='lat' dir='ltr'>S.</span> <span class='ocrx_word' id='word_1_3' title='bbox 934 832 1074 895; x_wconf 63' lang='lat' dir='ltr'>motta,</span> 
     </span>
    </p>
   </div>
   <div class='ocr_carea' id='block_1_2' title="bbox 703 1064 1153 1155">
    <p class='ocr_par' dir='ltr' id='par_1_2' title="bbox 703 1064 1153 1155">
     <span class='ocr_line' id='line_1_2' title="bbox 703 1064 1153 1155; baseline -0.009 -20"><span class='ocrx_word' id='word_1_4' title='bbox 703 1066 884 1155; x_wconf 72' lang='lat' dir='ltr'>Responsio</span> <span class='ocrx_word' id='word_1_5' title='bbox 906 1064 1153 1153; x_wconf 78' lang='lat' dir='ltr'>arclcicpiecopi.</span> 
     </span>
    </p>
   </div>
   <div class='ocr_carea' id='block_1_3' title="bbox 404 1230 1456 1558">
    <p class='ocr_par' dir='ltr' id='par_1_3' title="bbox 404 1230 1456 1558">
     <span class='ocr_line' id='line_1_3' title="bbox 437 1230 1453 1310; baseline -0.004 -17"><span class='ocrx_word' id='word_1_6' title='bbox 437 1241 456 1265; x_wconf 90' lang='lat'><strong>“</strong></span> <span class='ocrx_word' id='word_1_7' title='bbox 465 1236 626 1310; x_wconf 84' lang='lat' dir='ltr'>Respondit</span> <span class='ocrx_word' id='word_1_8' title='bbox 652 1235 884 1308; x_wconf 87' lang='lat' dir='ltr'>arahiepiscopus</span> <span class='ocrx_word' id='word_1_9' title='bbox 910 1234 987 1307; x_wconf 91' lang='lat' dir='ltr'>quod</span> <span class='ocrx_word' id='word_1_10' title='bbox 1011 1238 1121 1289; x_wconf 72' lang='lat' dir='ltr'>nostra</span> <span class='ocrx_word' id='word_1_11' title='bbox 1139 1232 1237 1304; x_wconf 77' lang='lat' dir='ltr'>gantis</span> <span class='ocrx_word' id='word_1_12' title='bbox 1264 1230 1453 1305; x_wconf 83' lang='lat' dir='ltr'>proverbium</span> 
     </span>
     <span class='ocr_line' id='line_1_4' title="bbox 404 1316 1455 1393; baseline -0.004 -17"><span class='ocrx_word' id='word_1_13' title='bbox 404 1321 582 1393; x_wconf 88' lang='lat' dir='ltr'>“estquod</span> <span class='ocrx_word' id='word_1_14' title='bbox 608 1320 772 1376; x_wconf 70' lang='lat' dir='ltr'><strong>taciturnus</strong></span> <span class='ocrx_word' id='word_1_15' title='bbox 796 1320 921 1391; x_wconf 87' lang='lat' dir='ltr'>speciem</span> <span class='ocrx_word' id='word_1_16' title='bbox 949 1318 1104 1389; x_wconf 77' lang='lat' dir='ltr'>pretendit</span> <span class='ocrx_word' id='word_1_17' title='bbox 1121 1316 1293 1372; x_wconf 78' lang='lat' dir='ltr'>confitentis.</span> <span class='ocrx_word' id='word_1_18' title='bbox 1330 1316 1455 1373; x_wconf 79' lang='lat' dir='ltr'>Etcum</span> 
     </span>
     <span class='ocr_line' id='line_1_5' title="bbox 405 1398 1456 1474; baseline -0.004 -15"><span class='ocrx_word' id='word_1_19' title='bbox 405 1408 423 1432; x_wconf 92' lang='lat'>“</span> <span class='ocrx_word' id='word_1_20' title='bbox 442 1422 494 1459; x_wconf 86' lang='lat' dir='ltr'>rex</span> <span class='ocrx_word' id='word_1_21' title='bbox 511 1405 566 1459; x_wconf 91' lang='lat' dir='ltr'>sibi</span> <span class='ocrx_word' id='word_1_22' title='bbox 593 1403 730 1459; x_wconf 87' lang='lat' dir='ltr'>videatur</span> <span class='ocrx_word' id='word_1_23' title='bbox 746 1403 778 1457; x_wconf 92' lang='lat' dir='ltr'>in</span> <span class='ocrx_word' id='word_1_24' title='bbox 806 1402 983 1474; x_wconf 79' lang='lat' dir='ltr'>possessione</span> <span class='ocrx_word' id='word_1_25' title='bbox 1004 1399 1245 1455; x_wconf 76' lang='lat' dir='ltr'>consuetudinum</span> <span class='ocrx_word' id='word_1_26' title='bbox 1269 1416 1341 1464; x_wconf 85' lang='lat' dir='ltr'>esse,</span> <span class='ocrx_word' id='word_1_27' title='bbox 1360 1404 1391 1455; x_wconf 85' lang='lat' dir='ltr'>et</span> <span class='ocrx_word' id='word_1_28' title='bbox 1416 1398 1456 1455; x_wconf 88' lang='lat' dir='ltr'>ad</span> 
     </span>
     <span class='ocr_line' id='line_1_6' title="bbox 405 1482 1455 1558; baseline -0.006 -14"><span class='ocrx_word' id='word_1_29' title='bbox 405 1492 425 1518; x_wconf 78' lang='lat'>‘⁸</span> <span class='ocrx_word' id='word_1_30' title='bbox 443 1505 493 1544; x_wconf 88' lang='lat' dir='ltr'>eas</span> <span class='ocrx_word' id='word_1_31' title='bbox 511 1488 704 1545; x_wconf 79' lang='lat' dir='ltr'>observandas</span> <span class='ocrx_word' id='word_1_32' title='bbox 732 1487 841 1558; x_wconf 89' lang='lat' dir='ltr'>injuste</span> <span class='ocrx_word' id='word_1_33' title='bbox 859 1492 890 1541; x_wconf 89' lang='lat' dir='ltr'>ct</span> <span class='ocrx_word' id='word_1_34' title='bbox 914 1484 1056 1540; x_wconf 85' lang='lat' dir='ltr'>violenter</span> <span class='ocrx_word' id='word_1_35' title='bbox 1072 1488 1159 1555; x_wconf 83' lang='lat' dir='ltr'>cogat</span> <span class='ocrx_word' id='word_1_36' title='bbox 1177 1483 1347 1549; x_wconf 74' lang='lat' dir='ltr'>ecclesiam</span> <span class='ocrx_word' id='word_1_37' title='bbox 1366 1482 1393 1539; x_wconf 88' lang='lat' dir='ltr'>si</span> <span class='ocrx_word' id='word_1_38' title='bbox 1411 1483 1455 1539; x_wconf 89' lang='lat' dir='ltr'>sia</span> 
     </span>
    </p>
   </div>
   <div class='ocr_carea' id='block_1_4' title="bbox 405 1566 1561 1643">
    <p class='ocr_par' dir='ltr' id='par_1_4' title="bbox 405 1566 1561 1643">
     <span class='ocr_line' id='line_1_7' title="bbox 405 1566 1561 1643; baseline -0.006 -16"><span class='ocrx_word' id='word_1_39' title='bbox 405 1571 643 1628; x_wconf 86' lang='lat' dir='ltr'>“taciturnitate</span> <span class='ocrx_word' id='word_1_40' title='bbox 671 1569 825 1643; x_wconf 86' lang='lat' dir='ltr'>impetrata</span> <span class='ocrx_word' id='word_1_41' title='bbox 843 1575 968 1624; x_wconf 86' lang='lat' dir='ltr'>cessaret</span> <span class='ocrx_word' id='word_1_42' title='bbox 994 1566 1166 1632; x_wconf 87' lang='lat' dir='ltr'>concussio,¹</span> <span class='ocrx_word' id='word_1_43' title='bbox 1186 1568 1358 1623; x_wconf 85' lang='lat' dir='ltr'>auctoritate</span> <span class='ocrx_word' id='word_1_44' title='bbox 1375 1584 1455 1621; x_wconf 85' lang='lat' dir='ltr'>max·</span> <span class='ocrx_word' id='word_1_45' title='bbox 1558 1596 1561 1601; x_wconf 95' lang='lat'>·</span> 
     </span>
    </p>
   </div>
   <div class='ocr_carea' id='block_1_5' title="bbox 405 1648 1456 2222">
    <p class='ocr_par' dir='ltr' id='par_1_5' title="bbox 405 1648 1456 2222">
     <span class='ocr_line' id='line_1_8' title="bbox 405 1648 1456 1725; baseline -0.004 -16"><span class='ocrx_word' id='word_1_46' title='bbox 405 1658 424 1683; x_wconf 77' lang='lat'>‘¹</span> <span class='ocrx_word' id='word_1_47' title='bbox 444 1655 503 1709; x_wconf 90' lang='lat' dir='ltr'>inre</span> <span class='ocrx_word' id='word_1_48' title='bbox 520 1655 685 1725; x_wconf 81' lang='lat' dir='ltr'>legatorum</span> <span class='ocrx_word' id='word_1_49' title='bbox 706 1652 924 1716; x_wconf 79' lang='lat' dir='ltr'>interveniente,</span> <span class='ocrx_word' id='word_1_50' title='bbox 944 1648 1063 1706; x_wconf 81' lang='lat' dir='ltr'>statim²</span> <span class='ocrx_word' id='word_1_51' title='bbox 1080 1650 1136 1706; x_wconf 84' lang='lat' dir='ltr'>sibi</span> <span class='ocrx_word' id='word_1_52' title='bbox 1161 1655 1192 1706; x_wconf 86' lang='lat' dir='ltr'>et</span> <span class='ocrx_word' id='word_1_53' title='bbox 1215 1650 1282 1705; x_wconf 91' lang='lat' dir='ltr'>aliis</span> <span class='ocrx_word' id='word_1_54' title='bbox 1304 1650 1456 1706; x_wconf 81' lang='lat' dir='ltr'>videretur</span> 
     </span>
     <span class='ocr_line' id='line_1_9' title="bbox 406 1732 1456 1805; baseline -0.003 -13"><span class='ocrx_word' id='word_1_55' title='bbox 406 1741 424 1765; x_wconf 85' lang='lat'>‘¹</span> <span class='ocrx_word' id='word_1_56' title='bbox 443 1736 600 1793; x_wconf 70' lang='lat' dir='ltr'>obtinuisse</span> <span class='ocrx_word' id='word_1_57' title='bbox 612 1737 644 1791; x_wconf 91' lang='lat' dir='ltr'>in</span> <span class='ocrx_word' id='word_1_58' title='bbox 661 1753 748 1792; x_wconf 88' lang='lat' dir='ltr'>causa</span> <span class='ocrx_word' id='word_1_59' title='bbox 760 1734 827 1791; x_wconf 89' lang='lat' dir='ltr'>ista.</span> <span class='ocrx_word' id='word_1_60' title='bbox 863 1733 981 1805; x_wconf 83' lang='lat' dir='ltr'>Adjccit</span> <span class='ocrx_word' id='word_1_61' title='bbox 992 1734 1080 1791; x_wconf 88' lang='lat' dir='ltr'>etiam</span> <span class='ocrx_word' id='word_1_62' title='bbox 1094 1750 1124 1789; x_wconf 88' lang='lat' dir='ltr'>se</span> <span class='ocrx_word' id='word_1_63' title='bbox 1137 1734 1223 1789; x_wconf 90' lang='lat' dir='ltr'>malle</span> <span class='ocrx_word' id='word_1_64' title='bbox 1235 1732 1376 1797; x_wconf 86' lang='lat' dir='ltr'>exsulare,</span> <span class='ocrx_word' id='word_1_65' title='bbox 1390 1750 1456 1805; x_wconf 87' lang='lat' dir='ltr'>per-</span> 
     </span>
     <span class='ocr_line' id='line_1_10' title="bbox 405 1816 1454 1892; baseline -0.006 -15"><span class='ocrx_word' id='word_1_66' title='bbox 405 1824 424 1849; x_wconf 88' lang='lat'><strong>“</strong></span> <span class='ocrx_word' id='word_1_67' title='bbox 443 1826 532 1891; x_wconf 85' lang='lat' dir='ltr'>petuo</span> <span class='ocrx_word' id='word_1_68' title='bbox 543 1818 707 1892; x_wconf 83' lang='lat' dir='ltr'>proscribi,⁸</span> <span class='ocrx_word' id='word_1_69' title='bbox 724 1824 763 1884; x_wconf 90' lang='lat' dir='ltr'>et,</span> <span class='ocrx_word' id='word_1_70' title='bbox 783 1818 808 1873; x_wconf 87' lang='lat' dir='ltr'>si</span> <span class='ocrx_word' id='word_1_71' title='bbox 827 1818 905 1872; x_wconf 88' lang='lat' dir='ltr'>Deus</span> <span class='ocrx_word' id='word_1_72' title='bbox 922 1817 965 1871; x_wconf 92' lang='lat' dir='ltr'>ita</span> <span class='ocrx_word' id='word_1_73' title='bbox 982 1817 1134 1888; x_wconf 73' lang='lat' dir='ltr'>disposuit,</span> <span class='ocrx_word' id='word_1_74' title='bbox 1145 1833 1199 1888; x_wconf 89' lang='lat' dir='ltr'>pro</span> <span class='ocrx_word' id='word_1_75' title='bbox 1213 1816 1340 1889; x_wconf 82' lang='lat' dir='ltr'>justitiae</span> <span class='ocrx_word' id='word_1_76' title='bbox 1357 1817 1454 1872; x_wconf 81' lang='lat' dir='ltr'>deien-</span> 
     </span>
     <span class='ocr_line' id='line_1_11' title="bbox 405 1898 1454 1973; baseline -0.004 -14"><span class='ocrx_word' id='word_1_77' title='bbox 405 1908 424 1933; x_wconf 84' lang='lat'><em>“</em></span> <span class='ocrx_word' id='word_1_78' title='bbox 443 1905 523 1959; x_wconf 89' lang='lat' dir='ltr'>sione</span> <span class='ocrx_word' id='word_1_79' title='bbox 541 1903 625 1966; x_wconf 90' lang='lat' dir='ltr'>mori,</span> <span class='ocrx_word' id='word_1_80' title='bbox 646 1918 735 1973; x_wconf 86' lang='lat' dir='ltr'>quam</span> <span class='ocrx_word' id='word_1_81' title='bbox 753 1900 784 1954; x_wconf 92' lang='lat' dir='ltr'>in</span> <span class='ocrx_word' id='word_1_82' title='bbox 802 1899 905 1955; x_wconf 90' lang='lat' dir='ltr'>salutis</span> <span class='ocrx_word' id='word_1_83' title='bbox 923 1916 983 1955; x_wconf 80' lang='lat' dir='ltr'>snm</span> <span class='ocrx_word' id='word_1_84' title='bbox 1001 1898 1185 1971; x_wconf 86' lang='lat' dir='ltr'>dispendium</span> <span class='ocrx_word' id='word_1_85' title='bbox 1204 1905 1234 1954; x_wconf 87' lang='lat' dir='ltr'>et</span> <span class='ocrx_word' id='word_1_86' title='bbox 1251 1898 1454 1971; x_wconf 70' lang='lat' dir='ltr'>prejudicium</span> 
     </span>
     <span class='ocr_line' id='line_1_12' title="bbox 405 1982 1453 2055; baseline -0.002 -14"><span class='ocrx_word' id='word_1_87' title='bbox 405 1990 423 2015; x_wconf 81' lang='lat'>‘⁶</span> <span class='ocrx_word' id='word_1_88' title='bbox 442 1986 644 2042; x_wconf 75' lang='lat' dir='ltr'>ecclesiasticae</span> <span class='ocrx_word' id='word_1_89' title='bbox 662 1984 806 2039; x_wconf 80' lang='lat' dir='ltr'>libertatis</span> <span class='ocrx_word' id='word_1_90' title='bbox 817 1983 892 2038; x_wconf 89' lang='lat' dir='ltr'>hanc</span> <span class='ocrx_word' id='word_1_91' title='bbox 910 2000 1011 2053; x_wconf 86' lang='lat' dir='ltr'>pacem</span> <span class='ocrx_word' id='word_1_92' title='bbox 1029 1982 1123 2037; x_wconf 77' lang='lat' dir='ltr'>inire.¹</span> <span class='ocrx_word' id='word_1_93' title='bbox 1159 1982 1327 2037; x_wconf 89' lang='lat' dir='ltr'>Densenim</span> <span class='ocrx_word' id='word_1_94' title='bbox 1344 1984 1453 2055; x_wconf 81' lang='lat' dir='ltr'>estqui</span> 
     </span>
     <span class='ocr_line' id='line_1_13' title="bbox 405 2064 1454 2137; baseline 0 -15"><span class='ocrx_word' id='word_1_95' title='bbox 405 2074 424 2097; x_wconf 89' lang='lat'>“</span> <span class='ocrx_word' id='word_1_96' title='bbox 444 2069 475 2122; x_wconf 91' lang='lat' dir='ltr'>in</span> <span class='ocrx_word' id='word_1_97' title='bbox 492 2069 546 2123; x_wconf 88' lang='lat' dir='ltr'>tali</span> <span class='ocrx_word' id='word_1_98' title='bbox 565 2085 652 2123; x_wconf 87' lang='lat' dir='ltr'>cansa</span> <span class='ocrx_word' id='word_1_99' title='bbox 669 2073 765 2121; x_wconf 87' lang='lat' dir='ltr'>tacere</span> <span class='ocrx_word' id='word_1_100' title='bbox 783 2065 919 2136; x_wconf 83' lang='lat' dir='ltr'>prohibet</span> <span class='ocrx_word' id='word_1_101' title='bbox 937 2065 1120 2131; x_wconf 87' lang='lat' dir='ltr'>sacerdotcs;</span> <span class='ocrx_word' id='word_1_102' title='bbox 1139 2066 1190 2137; x_wconf 92' lang='lat' dir='ltr'>qui</span> <span class='ocrx_word' id='word_1_103' title='bbox 1202 2064 1454 2122; x_wconf 76' lang='lat' dir='ltr'>dissimulantibus</span> 
     </span>
     <span class='ocr_line' id='line_1_14' title="bbox 405 2147 1428 2222; baseline -0.002 -16"><span class='ocrx_word' id='word_1_104' title='bbox 405 2156 423 2179; x_wconf 79' lang='lat'>‘¹</span> <span class='ocrx_word' id='word_1_105' title='bbox 444 2151 607 2222; x_wconf 83' lang='lat' dir='ltr'>gehennam</span> <span class='ocrx_word' id='word_1_106' title='bbox 625 2149 809 2221; x_wconf 79' lang='lat' dir='ltr'>praeparavit,</span> <span class='ocrx_word' id='word_1_107' title='bbox 829 2148 880 2202; x_wconf 91' lang='lat' dir='ltr'>ubi</span> <span class='ocrx_word' id='word_1_108' title='bbox 899 2149 980 2203; x_wconf 92' lang='lat' dir='ltr'>nulla</span> <span class='ocrx_word' id='word_1_109' title='bbox 997 2148 1054 2203; x_wconf 85' lang='lat' dir='ltr'>erit</span> <span class='ocrx_word' id='word_1_110' title='bbox 1071 2147 1267 2204; x_wconf 76' lang='lat' dir='ltr'>dissimulatio</span> <span class='ocrx_word' id='word_1_111' title='bbox 1283 2147 1428 2219; x_wconf 80' lang='lat' dir='ltr'>poenoe.&#39;’¹</span> 
     </span>
    </p>
   </div>
   <div class='ocr_carea' id='block_1_6' title="bbox 683 2364 1159 2435">
    <p class='ocr_par' dir='ltr' id='par_1_6' title="bbox 683 2364 1159 2435">
     <span class='ocr_line' id='line_1_15' title="bbox 683 2364 1159 2435; baseline -0.004 0"><span class='ocrx_word' id='word_1_112' title='bbox 683 2366 846 2435; x_wconf 76' lang='lat' dir='ltr'>Recitatis</span> <span class='ocrx_word' id='word_1_113' title='bbox 868 2364 1159 2433; x_wconf 72' lang='lat' dir='ltr'>ccaawtadiaaura</span> 
     </span>
    </p>
   </div>
   <div class='ocr_carea' id='block_1_7' title="bbox 405 2520 1453 2761">
    <p class='ocr_par' dir='ltr' id='par_1_7' title="bbox 405 2520 1453 2761">
     <span class='ocr_line' id='line_1_16' title="bbox 441 2520 1452 2593; baseline -0.002 -16"><span class='ocrx_word' id='word_1_114' title='bbox 441 2527 459 2551; x_wconf 84' lang='lat'>‘⁴</span> <span class='ocrx_word' id='word_1_115' title='bbox 471 2524 577 2578; x_wconf 85' lang='lat' dir='ltr'>Lectus</span> <span class='ocrx_word' id='word_1_116' title='bbox 596 2528 642 2577; x_wconf 88' lang='lat' dir='ltr'>est</span> <span class='ocrx_word' id='word_1_117' title='bbox 660 2529 690 2578; x_wconf 92' lang='lat' dir='ltr'>et</span> <span class='ocrx_word' id='word_1_118' title='bbox 707 2522 824 2576; x_wconf 88' lang='lat' dir='ltr'>libellus</span> <span class='ocrx_word' id='word_1_119' title='bbox 842 2522 1089 2577; x_wconf 73' lang='lat' dir='ltr'>abominationum</span> <span class='ocrx_word' id='word_1_120' title='bbox 1108 2520 1235 2585; x_wconf 89' lang='lat' dir='ltr'>illarum,</span> <span class='ocrx_word' id='word_1_121' title='bbox 1249 2526 1280 2576; x_wconf 92' lang='lat' dir='ltr'>et</span> <span class='ocrx_word' id='word_1_122' title='bbox 1296 2520 1452 2593; x_wconf 68' lang='lat' dir='ltr'>quesitum</span> 
     </span>
     <span class='ocr_line' id='line_1_17' title="bbox 405 2604 1453 2670; baseline -0.002 -9"><span class='ocrx_word' id='word_1_123' title='bbox 405 2612 423 2636; x_wconf 77' lang='lat'>‘⁶</span> <span class='ocrx_word' id='word_1_124' title='bbox 444 2626 462 2661; x_wconf 89' lang='lat' dir='ltr'>a</span> <span class='ocrx_word' id='word_1_125' title='bbox 478 2606 674 2661; x_wconf 82' lang='lat' dir='ltr'>cardinalibus</span> <span class='ocrx_word' id='word_1_126' title='bbox 693 2623 731 2660; x_wconf 89' lang='lat' dir='ltr'>an</span> <span class='ocrx_word' id='word_1_127' title='bbox 748 2621 767 2658; x_wconf 93' lang='lat' dir='ltr'>a</span> <span class='ocrx_word' id='word_1_128' title='bbox 785 2604 961 2660; x_wconf 87' lang='lat' dir='ltr'>Christianis</span> <span class='ocrx_word' id='word_1_129' title='bbox 978 2604 1051 2660; x_wconf 88' lang='lat' dir='ltr'>talia</span> <span class='ocrx_word' id='word_1_130' title='bbox 1068 2604 1156 2660; x_wconf 90' lang='lat' dir='ltr'>liceat</span> <span class='ocrx_word' id='word_1_131' title='bbox 1167 2605 1325 2670; x_wconf 84' lang='lat' dir='ltr'>observari,</span> <span class='ocrx_word' id='word_1_132' title='bbox 1344 2605 1453 2660; x_wconf 88' lang='lat' dir='ltr'>nedum</span> 
     </span>
     <span class='ocr_line' id='line_1_18' title="bbox 406 2686 869 2761; baseline -0.011 -15"><span class='ocrx_word' id='word_1_133' title='bbox 406 2693 424 2717; x_wconf 80' lang='lat'>‘⁶</span> <span class='ocrx_word' id='word_1_134' title='bbox 443 2708 460 2745; x_wconf 94' lang='lat' dir='ltr'>a</span> <span class='ocrx_word' id='word_1_135' title='bbox 478 2689 641 2761; x_wconf 81' lang='lat' dir='ltr'>pastoribus</span> <span class='ocrx_word' id='word_1_136' title='bbox 659 2686 869 2745; x_wconf 86' lang='lat' dir='ltr'>dissimulari.’&#39;</span> 
     </span>
    </p>
   </div>
   <div class='ocr_carea' id='block_1_8' title="bbox 739 2880 1100 2968">
    <p class='ocr_par' dir='ltr' id='par_1_8' title="bbox 739 2880 1100 2968">
     <span class='ocr_line' id='line_1_19' title="bbox 739 2880 1100 2968; baseline -0.006 -21"><span class='ocrx_word' id='word_1_137' title='bbox 739 2880 854 2948; x_wconf 72' lang='lat' dir='ltr'>Tertia</span> <span class='ocrx_word' id='word_1_138' title='bbox 873 2880 1100 2968; x_wconf 70' lang='lat' dir='ltr'>interspatia.</span> 
     </span>
    </p>
   </div>
   <div class='ocr_carea' id='block_1_9' title="bbox 403 3037 1454 3260">
    <p class='ocr_par' dir='ltr' id='par_1_9' title="bbox 403 3037 1454 3260">
     <span class='ocr_line' id='line_1_20' title="bbox 440 3037 1454 3110; baseline 0.003 -17"><span class='ocrx_word' id='word_1_139' title='bbox 440 3038 621 3110; x_wconf 80' lang='lat' dir='ltr'>“Progressi</span> <span class='ocrx_word' id='word_1_140' title='bbox 639 3038 763 3095; x_wconf 88' lang='lat' dir='ltr'>suntad</span> <span class='ocrx_word' id='word_1_141' title='bbox 780 3037 868 3093; x_wconf 87' lang='lat' dir='ltr'>aliam</span> <span class='ocrx_word' id='word_1_142' title='bbox 887 3038 1088 3109; x_wconf 69' lang='lat' dir='ltr'>questionem,</span> <span class='ocrx_word' id='word_1_143' title='bbox 1108 3037 1287 3093; x_wconf 76' lang='lat' dir='ltr'>sciscitantes</span> <span class='ocrx_word' id='word_1_144' title='bbox 1305 3055 1341 3095; x_wconf 89' lang='lat' dir='ltr'>an</span> <span class='ocrx_word' id='word_1_145' title='bbox 1362 3038 1454 3096; x_wconf 87' lang='lat' dir='ltr'>vellet</span> 
     </span>
     <span class='ocr_line' id='line_1_21' title="bbox 403 3120 1451 3193; baseline 0.001 -17"><span class='ocrx_word' id='word_1_146' title='bbox 403 3126 422 3150; x_wconf 92' lang='lat'>“</span> <span class='ocrx_word' id='word_1_147' title='bbox 443 3140 544 3177; x_wconf 87' lang='lat' dir='ltr'>corum</span> <span class='ocrx_word' id='word_1_148' title='bbox 568 3120 680 3192; x_wconf 87' lang='lat' dir='ltr'>judicio</span> <span class='ocrx_word' id='word_1_149' title='bbox 708 3124 783 3176; x_wconf 90' lang='lat' dir='ltr'>stare</span> <span class='ocrx_word' id='word_1_150' title='bbox 802 3139 889 3192; x_wconf 87' lang='lat' dir='ltr'>super</span> <span class='ocrx_word' id='word_1_151' title='bbox 914 3122 961 3179; x_wconf 85' lang='lat' dir='ltr'>his</span> <span class='ocrx_word' id='word_1_152' title='bbox 987 3139 1052 3191; x_wconf 85' lang='lat' dir='ltr'>quse</span> <span class='ocrx_word' id='word_1_153' title='bbox 1077 3120 1268 3193; x_wconf 88' lang='lat' dir='ltr'>interipsum</span> <span class='ocrx_word' id='word_1_154' title='bbox 1297 3126 1327 3177; x_wconf 86' lang='lat' dir='ltr'>et</span> <span class='ocrx_word' id='word_1_155' title='bbox 1351 3138 1451 3192; x_wconf 84' lang='lat' dir='ltr'>regem</span> 
     </span>
     <span class='ocr_line' id='line_1_22' title="bbox 405 3204 625 3260; baseline -0.009 0"><span class='ocrx_word' id='word_1_156' title='bbox 405 3207 424 3232; x_wconf 92' lang='lat'>“</span> <span class='ocrx_word' id='word_1_157' title='bbox 443 3204 625 3260; x_wconf 87' lang='lat' dir='ltr'>vertuntur.&#39;&#39;</span> 
     </span>
    </p>
   </div>
   <div class='ocr_carea' id='block_1_10' title="bbox 709 3371 1159 3486">
    <p class='ocr_par' dir='ltr' id='par_1_10' title="bbox 709 3371 1159 3486">
     <span class='ocr_line' id='line_1_23' title="bbox 709 3371 1159 3486; baseline 0 -24"><span class='ocrx_word' id='word_1_158' title='bbox 709 3395 890 3483; x_wconf 60' lang='lat' dir='ltr'>Ropousa</span> <span class='ocrx_word' id='word_1_159' title='bbox 912 3371 1159 3486; x_wconf 72' lang='lat' dir='ltr'>archicpiscopi.</span> 
     </span>
    </p>
   </div>
   <div class='ocr_carea' id='block_1_11' title="bbox 404 3548 1453 4123">
    <p class='ocr_par' dir='ltr' id='par_1_11' title="bbox 404 3548 1453 4123">
     <span class='ocr_line' id='line_1_24' title="bbox 442 3548 1453 3624; baseline 0.002 -20"><span class='ocrx_word' id='word_1_160' title='bbox 442 3548 527 3604; x_wconf 89' lang='lat' dir='ltr'>“Ille</span> <span class='ocrx_word' id='word_1_161' title='bbox 555 3567 587 3605; x_wconf 90' lang='lat' dir='ltr'>so</span> <span class='ocrx_word' id='word_1_162' title='bbox 614 3549 650 3605; x_wconf 89' lang='lat' dir='ltr'>da</span> <span class='ocrx_word' id='word_1_163' title='bbox 676 3549 789 3605; x_wconf 82' lang='lat' dir='ltr'>cauaae⁶</span> <span class='ocrx_word' id='word_1_164' title='bbox 809 3551 975 3608; x_wconf 85' lang='lat' dir='ltr'>sinceritate</span> <span class='ocrx_word' id='word_1_165' title='bbox 1002 3552 1146 3608; x_wconf 89' lang='lat' dir='ltr'>confidere</span> <span class='ocrx_word' id='word_1_166' title='bbox 1172 3550 1343 3624; x_wconf 72' lang='lat' dir='ltr'>respondit,</span> <span class='ocrx_word' id='word_1_167' title='bbox 1373 3568 1453 3607; x_wconf 85' lang='lat' dir='ltr'>oum·</span> 
     </span>
     <span class='ocr_line' id='line_1_25' title="bbox 405 3634 1451 3707; baseline 0.001 -19"><span class='ocrx_word' id='word_1_168' title='bbox 405 3638 424 3661; x_wconf 92' lang='grc'>“</span> <span class='ocrx_word' id='word_1_169' title='bbox 444 3651 501 3704; x_wconf 93' lang='lat' dir='ltr'>que</span> <span class='ocrx_word' id='word_1_170' title='bbox 519 3634 582 3706; x_wconf 88' lang='lat' dir='ltr'>ipsa</span> <span class='ocrx_word' id='word_1_171' title='bbox 607 3639 637 3688; x_wconf 92' lang='lat' dir='ltr'>et</span> <span class='ocrx_word' id='word_1_172' title='bbox 661 3634 716 3699; x_wconf 91' lang='lat' dir='ltr'>sui,</span> <span class='ocrx_word' id='word_1_173' title='bbox 737 3634 788 3705; x_wconf 92' lang='lat' dir='ltr'>qui</span> <span class='ocrx_word' id='word_1_174' title='bbox 807 3652 825 3689; x_wconf 98' lang='lat' dir='ltr'>a</span> <span class='ocrx_word' id='word_1_175' title='bbox 842 3635 935 3690; x_wconf 89' lang='lat' dir='ltr'>multo</span> <span class='ocrx_word' id='word_1_176' title='bbox 953 3641 1086 3706; x_wconf 89' lang='lat' dir='ltr'>tempore</span> <span class='ocrx_word' id='word_1_177' title='bbox 1111 3635 1244 3690; x_wconf 87' lang='lat' dir='ltr'>destituti</span> <span class='ocrx_word' id='word_1_178' title='bbox 1268 3641 1346 3701; x_wconf 91' lang='lat' dir='ltr'>sunt,</span> <span class='ocrx_word' id='word_1_179' title='bbox 1365 3636 1451 3707; x_wconf 89' lang='lat' dir='ltr'>plene</span> 
     </span>
     <span class='ocr_line' id='line_1_26' title="bbox 405 3716 1450 3783; baseline 0 -12"><span class='ocrx_word' id='word_1_180' title='bbox 405 3722 424 3747; x_wconf 91' lang='lat'><strong>“</strong></span> <span class='ocrx_word' id='word_1_181' title='bbox 445 3718 554 3773; x_wconf 88' lang='lat' dir='ltr'>fuerint</span> <span class='ocrx_word' id='word_1_182' title='bbox 571 3716 608 3773; x_wconf 87' lang='lat' dir='ltr'>ad</span> <span class='ocrx_word' id='word_1_183' title='bbox 633 3717 731 3773; x_wconf 88' lang='lat' dir='ltr'>omnia</span> <span class='ocrx_word' id='word_1_184' title='bbox 748 3717 885 3782; x_wconf 85' lang='lat' dir='ltr'>restituti,</span> <span class='ocrx_word' id='word_1_185' title='bbox 913 3718 1013 3773; x_wconf 89' lang='lat' dir='ltr'>habita</span> <span class='ocrx_word' id='word_1_186' title='bbox 1029 3719 1143 3773; x_wconf 87' lang='lat' dir='ltr'>ratione</span> <span class='ocrx_word' id='word_1_187' title='bbox 1160 3735 1321 3783; x_wconf 87' lang='lat' dir='ltr'>causarum,</span> <span class='ocrx_word' id='word_1_188' title='bbox 1340 3735 1450 3783; x_wconf 89' lang='lat' dir='ltr'>rerum,</span> 
     </span>
     <span class='ocr_line' id='line_1_27' title="bbox 405 3799 1451 3874; baseline 0 -16"><span class='ocrx_word' id='word_1_189' title='bbox 405 3807 424 3832; x_wconf 89' lang='lat'><strong>“</strong></span> <span class='ocrx_word' id='word_1_190' title='bbox 444 3812 475 3859; x_wconf 89' lang='lat' dir='ltr'>et</span> <span class='ocrx_word' id='word_1_191' title='bbox 491 3802 641 3874; x_wconf 84' lang='lat' dir='ltr'>temporis,</span> <span class='ocrx_word' id='word_1_192' title='bbox 657 3802 720 3874; x_wconf 90' lang='lat' dir='ltr'>juri</span> <span class='ocrx_word' id='word_1_193' title='bbox 737 3801 863 3857; x_wconf 87' lang='lat' dir='ltr'>libenter</span> <span class='ocrx_word' id='word_1_194' title='bbox 880 3799 1003 3873; x_wconf 86' lang='lat' dir='ltr'>parere,⁷</span> <span class='ocrx_word' id='word_1_195' title='bbox 1020 3818 1074 3857; x_wconf 90' lang='lat' dir='ltr'>nec</span> <span class='ocrx_word' id='word_1_196' title='bbox 1091 3819 1176 3873; x_wconf 87' lang='lat' dir='ltr'>posse</span> <span class='ocrx_word' id='word_1_197' title='bbox 1199 3819 1252 3858; x_wconf 87' lang='lat' dir='ltr'>nec</span> <span class='ocrx_word' id='word_1_198' title='bbox 1270 3802 1345 3857; x_wconf 82' lang='lat' dir='ltr'>velle</span> <span class='ocrx_word' id='word_1_199' title='bbox 1364 3803 1451 3859; x_wconf 91' lang='lat' dir='ltr'>decli·</span> 
     </span>
     <span class='ocr_line' id='line_1_28' title="bbox 404 3885 1451 3957; baseline 0.001 -17"><span class='ocrx_word' id='word_1_200' title='bbox 404 3890 424 3914; x_wconf 80' lang='lat'>‘⁴</span> <span class='ocrx_word' id='word_1_201' title='bbox 443 3905 512 3941; x_wconf 69' lang='lat' dir='ltr'>reare</span> <span class='ocrx_word' id='word_1_202' title='bbox 532 3888 602 3956; x_wconf 90' lang='lat' dir='ltr'>quin</span> <span class='ocrx_word' id='word_1_203' title='bbox 620 3887 693 3950; x_wconf 84' lang='lat' dir='ltr'>ubi,⁸</span> <span class='ocrx_word' id='word_1_204' title='bbox 719 3887 844 3957; x_wconf 89' lang='lat' dir='ltr'>quando,</span> <span class='ocrx_word' id='word_1_205' title='bbox 870 3894 901 3940; x_wconf 89' lang='lat' dir='ltr'>et</span> <span class='ocrx_word' id='word_1_206' title='bbox 925 3885 1067 3957; x_wconf 92' lang='lat' dir='ltr'>quomodo</span> <span class='ocrx_word' id='word_1_207' title='bbox 1093 3885 1220 3950; x_wconf 90' lang='lat' dir='ltr'>debebit,</span> <span class='ocrx_word' id='word_1_208' title='bbox 1246 3886 1349 3942; x_wconf 88' lang='lat' dir='ltr'>subeat</span> <span class='ocrx_word' id='word_1_209' title='bbox 1371 3886 1451 3957; x_wconf 86' lang='lat' dir='ltr'>jndi-</span> 
     </span>
     <span class='ocr_line' id='line_1_29' title="bbox 405 3968 1452 4040; baseline 0.003 -18"><span class='ocrx_word' id='word_1_210' title='bbox 405 3973 424 3997; x_wconf 92' lang='lat'>“</span> <span class='ocrx_word' id='word_1_211' title='bbox 444 3970 522 4022; x_wconf 89' lang='lat' dir='ltr'>cium</span> <span class='ocrx_word' id='word_1_212' title='bbox 541 3969 606 4023; x_wconf 80' lang='lat' dir='ltr'>cui¹</span> <span class='ocrx_word' id='word_1_213' title='bbox 627 3969 763 4024; x_wconf 90' lang='lat' dir='ltr'>dominus</span> <span class='ocrx_word' id='word_1_214' title='bbox 787 3986 862 4040; x_wconf 89' lang='lat' dir='ltr'>papa</span> <span class='ocrx_word' id='word_1_215' title='bbox 880 3986 947 4023; x_wconf 87' lang='lat' dir='ltr'>eum</span> <span class='ocrx_word' id='word_1_216' title='bbox 971 3974 1048 4025; x_wconf 87' lang='lat' dir='ltr'>stare</span> <span class='ocrx_word' id='word_1_217' title='bbox 1058 3968 1078 4001; x_wconf 90' lang='lat'>¹⁰</span> <span class='ocrx_word' id='word_1_218' title='bbox 1096 3969 1265 4026; x_wconf 85' lang='lat' dir='ltr'>decreverit.</span> <span class='ocrx_word' id='word_1_219' title='bbox 1300 3968 1452 4025; x_wconf 85' lang='lat' dir='ltr'>Interim¹¹</span> 
     </span>
     <span class='ocr_line' id='line_1_30' title="bbox 406 4049 1453 4123; baseline 0.003 -17"><span class='ocrx_word' id='word_1_220' title='bbox 406 4054 424 4079; x_wconf 92' lang='grc'>“</span> <span class='ocrx_word' id='word_1_221' title='bbox 445 4050 482 4106; x_wconf 89' lang='lat' dir='ltr'>ad</span> <span class='ocrx_word' id='word_1_222' title='bbox 507 4049 684 4121; x_wconf 85' lang='lat' dir='ltr'>litigandum</span> <span class='ocrx_word' id='word_1_223' title='bbox 701 4051 800 4121; x_wconf 85' lang='lat' dir='ltr'>urgeri</span> <span class='ocrx_word' id='word_1_224' title='bbox 818 4068 875 4105; x_wconf 92' lang='lat' dir='ltr'>non</span> <span class='ocrx_word' id='word_1_225' title='bbox 898 4067 992 4123; x_wconf 87' lang='lat' dir='ltr'>posse,</span> <span class='ocrx_word' id='word_1_226' title='bbox 1011 4069 1064 4107; x_wconf 92' lang='lat' dir='ltr'>nec</span> <span class='ocrx_word' id='word_1_227' title='bbox 1082 4057 1284 4123; x_wconf 86' lang='lat' dir='ltr'>paupertatem</span> <span class='ocrx_word' id='word_1_228' title='bbox 1308 4068 1391 4109; x_wconf 86' lang='lat' dir='ltr'>suam</span> <span class='ocrx_word' id='word_1_229' title='bbox 1415 4052 1453 4109; x_wconf 90' lang='lat' dir='ltr'>ad</span> 
     </span>
    </p>
   </div>
   <div class='ocr_carea' id='block_1_12' title="bbox 464 4198 1410 4210">
    <p class='ocr_par' dir='ltr' id='par_1_12' title="bbox 464 4198 1410 4210">
     <span class='ocr_line' id='line_1_31' title="bbox 464 4198 1410 4210; baseline 0.001 -5"><span class='ocrx_word' id='word_1_230' title='bbox 464 4198 977 4206; x_wconf 75' lang='lat'>.-.--—---—-—-—·-—.---——-</span> <span class='ocrx_word' id='word_1_231' title='bbox 996 4200 1075 4206; x_wconf 83' lang='lat'><strong>-—..--</strong></span> <span class='ocrx_word' id='word_1_232' title='bbox 1092 4202 1098 4206; x_wconf 90' lang='lat'><em>.</em></span> <span class='ocrx_word' id='word_1_233' title='bbox 1117 4202 1132 4207; x_wconf 82' lang='grc'>-</span> <span class='ocrx_word' id='word_1_234' title='bbox 1213 4202 1410 4210; x_wconf 65' lang='grc'><strong>---,,</strong></span> 
     </span>
    </p>
   </div>
   <div class='ocr_carea' id='block_1_13' title="bbox 435 4297 1452 4757">
    <p class='ocr_par' dir='ltr' id='par_1_13' title="bbox 438 4297 1230 4363">
     <span class='ocr_line' id='line_1_32' title="bbox 438 4297 1230 4363; baseline 0.003 -14"><span class='ocrx_word' id='word_1_235' title='bbox 438 4299 446 4333; x_wconf 90' lang='lat'>¹</span> <span class='ocrx_word' id='word_1_236' title='bbox 464 4298 604 4358; x_wconf 83' lang='lat' dir='ltr'>concursio,</span> <span class='ocrx_word' id='word_1_237' title='bbox 614 4298 646 4347; x_wconf 83' lang='lat' dir='ltr'>L.</span> <span class='ocrx_word' id='word_1_238' title='bbox 659 4297 691 4348; x_wconf 87' lang='lat' dir='ltr'>G.</span> <span class='ocrx_word' id='word_1_239' title='bbox 981 4298 993 4337; x_wconf 80' lang='lat'>⁷</span> <span class='ocrx_word' id='word_1_240' title='bbox 1006 4301 1150 4363; x_wconf 74' lang='lat' dir='ltr'>parituram</span> <span class='ocrx_word' id='word_1_241' title='bbox 1161 4309 1185 4350; x_wconf 84' lang='lat' dir='ltr'>ct</span> <span class='ocrx_word' id='word_1_242' title='bbox 1195 4317 1230 4352; x_wconf 83' lang='lat' dir='ltr'>se.</span> 
     </span>
    </p>

    <p class='ocr_par' dir='ltr' id='par_1_14' title="bbox 436 4376 1261 4440">
     <span class='ocr_line' id='line_1_33' title="bbox 436 4376 1261 4440; baseline 0.002 -13"><span class='ocrx_word' id='word_1_243' title='bbox 436 4380 446 4412; x_wconf 79' lang='lat'><em>²</em></span> <span class='ocrx_word' id='word_1_244' title='bbox 463 4385 564 4438; x_wconf 71' lang='lat' dir='ltr'>aearum,</span> <span class='ocrx_word' id='word_1_245' title='bbox 574 4378 604 4426; x_wconf 85' lang='lat' dir='ltr'>L.</span> <span class='ocrx_word' id='word_1_246' title='bbox 982 4376 993 4409; x_wconf 84' lang='lat'>⁸</span> <span class='ocrx_word' id='word_1_247' title='bbox 1011 4386 1043 4439; x_wconf 76' lang='lat' dir='ltr'>et,</span> <span class='ocrx_word' id='word_1_248' title='bbox 1057 4378 1175 4440; x_wconf 80' lang='lat' dir='ltr'>inserted,</span> <span class='ocrx_word' id='word_1_249' title='bbox 1186 4380 1216 4429; x_wconf 83' lang='lat' dir='ltr'>L.</span> <span class='ocrx_word' id='word_1_250' title='bbox 1228 4378 1261 4431; x_wconf 79' lang='lat' dir='ltr'>G.</span> 
     </span>
    </p>

    <p class='ocr_par' dir='ltr' id='par_1_15' title="bbox 435 4454 1452 4600">
     <span class='ocr_line' id='line_1_34' title="bbox 437 4454 1452 4522; baseline 0.003 -18"><span class='ocrx_word' id='word_1_251' title='bbox 437 4456 532 4519; x_wconf 79' lang='lat' dir='ltr'>³perp.</span> <span class='ocrx_word' id='word_1_252' title='bbox 544 4455 608 4505; x_wconf 74' lang='lat' dir='ltr'>exal.</span> <span class='ocrx_word' id='word_1_253' title='bbox 620 4461 644 4504; x_wconf 83' lang='lat' dir='ltr'>et</span> <span class='ocrx_word' id='word_1_254' title='bbox 651 4470 759 4518; x_wconf 71' lang='lat' dir='ltr'>proscr,</span> <span class='ocrx_word' id='word_1_255' title='bbox 769 4454 800 4504; x_wconf 87' lang='lat' dir='ltr'>L.</span> <span class='ocrx_word' id='word_1_256' title='bbox 813 4454 845 4505; x_wconf 87' lang='lat' dir='ltr'>G.</span> <span class='ocrx_word' id='word_1_257' title='bbox 983 4454 994 4487; x_wconf 82' lang='lat'><strong>⁹</strong></span> <span class='ocrx_word' id='word_1_258' title='bbox 1011 4458 1065 4520; x_wconf 82' lang='lat' dir='ltr'>ejus</span> <span class='ocrx_word' id='word_1_259' title='bbox 1075 4456 1221 4507; x_wconf 73' lang='lat' dir='ltr'>catillarum</span> <span class='ocrx_word' id='word_1_260' title='bbox 1240 4458 1314 4522; x_wconf 71' lang='lat' dir='ltr'>cajus</span> <span class='ocrx_word' id='word_1_261' title='bbox 1332 4455 1374 4508; x_wconf 79' lang='lat' dir='ltr'>eei</span> <span class='ocrx_word' id='word_1_262' title='bbox 1390 4472 1452 4522; x_wconf 79' lang='lat' dir='ltr'>pac-</span> 
     </span>
     <span class='ocr_line' id='line_1_35' title="bbox 435 4534 1199 4600; baseline 0.005 -17"><span class='ocrx_word' id='word_1_263' title='bbox 435 4536 445 4566; x_wconf 87' lang='lat'><strong>⁴</strong></span> <span class='ocrx_word' id='word_1_264' title='bbox 462 4537 532 4583; x_wconf 80' lang='lat' dir='ltr'>ineat</span> <span class='ocrx_word' id='word_1_265' title='bbox 539 4550 636 4597; x_wconf 61' lang='lat' dir='ltr'>pacwa</span> <span class='ocrx_word' id='word_1_266' title='bbox 647 4535 678 4583; x_wconf 89' lang='lat' dir='ltr'>L.</span> <span class='ocrx_word' id='word_1_267' title='bbox 691 4534 723 4585; x_wconf 96' lang='lat' dir='ltr'>G.</span> <span class='ocrx_word' id='word_1_268' title='bbox 949 4535 1117 4600; x_wconf 80' lang='lat' dir='ltr'>rumjadicio,</span> <span class='ocrx_word' id='word_1_269' title='bbox 1126 4537 1156 4586; x_wconf 91' lang='lat' dir='ltr'>L.</span> <span class='ocrx_word' id='word_1_270' title='bbox 1166 4536 1199 4589; x_wconf 92' lang='lat' dir='ltr'>G.</span> 
     </span>
    </p>

    <p class='ocr_par' dir='ltr' id='par_1_16' title="bbox 436 4610 1333 4675">
     <span class='ocr_line' id='line_1_36' title="bbox 436 4610 1333 4675; baseline 0.008 -15"><span class='ocrx_word' id='word_1_271' title='bbox 436 4612 446 4640; x_wconf 85' lang='lat'>⁵</span> <span class='ocrx_word' id='word_1_272' title='bbox 459 4627 546 4675; x_wconf 76' lang='lat' dir='ltr'>puna,</span> <span class='ocrx_word' id='word_1_273' title='bbox 557 4610 669 4673; x_wconf 78' lang='lat' dir='ltr'>omitted,</span> <span class='ocrx_word' id='word_1_274' title='bbox 681 4612 711 4661; x_wconf 86' lang='lat' dir='ltr'>L.</span> <span class='ocrx_word' id='word_1_275' title='bbox 984 4612 1002 4644; x_wconf 85' lang='lat'>¹⁰</span> <span class='ocrx_word' id='word_1_276' title='bbox 1019 4613 1114 4675; x_wconf 75' lang='lat' dir='ltr'>debere,</span> <span class='ocrx_word' id='word_1_277' title='bbox 1125 4614 1245 4675; x_wconf 85' lang='lat' dir='ltr'>inserted,</span> <span class='ocrx_word' id='word_1_278' title='bbox 1257 4615 1288 4665; x_wconf 79' lang='lat' dir='ltr'>L.</span> <span class='ocrx_word' id='word_1_279' title='bbox 1300 4614 1333 4667; x_wconf 92' lang='lat' dir='ltr'>G.</span> 
     </span>
    </p>

    <p class='ocr_par' dir='ltr' id='par_1_17' title="bbox 435 4688 1374 4757">
     <span class='ocr_line' id='line_1_37' title="bbox 435 4688 1374 4757; baseline 0.007 -19"><span class='ocrx_word' id='word_1_280' title='bbox 435 4690 446 4721; x_wconf 78' lang='lat'><em>⁶</em></span> <span class='ocrx_word' id='word_1_281' title='bbox 464 4689 514 4739; x_wconf 74' lang='lat' dir='ltr'>lue</span> <span class='ocrx_word' id='word_1_282' title='bbox 525 4698 606 4741; x_wconf 69' lang='lat' dir='ltr'>autea</span> <span class='ocrx_word' id='word_1_283' title='bbox 617 4690 648 4740; x_wconf 84' lang='lat' dir='ltr'>dc</span> <span class='ocrx_word' id='word_1_284' title='bbox 659 4706 742 4741; x_wconf 74' lang='lat' dir='ltr'>caasa</span> <span class='ocrx_word' id='word_1_285' title='bbox 754 4706 788 4752; x_wconf 78' lang='lat' dir='ltr'>ae,</span> <span class='ocrx_word' id='word_1_286' title='bbox 800 4689 829 4738; x_wconf 90' lang='lat' dir='ltr'>L.</span> <span class='ocrx_word' id='word_1_287' title='bbox 842 4688 875 4741; x_wconf 91' lang='lat' dir='ltr'>G.</span> <span class='ocrx_word' id='word_1_288' title='bbox 984 4689 1002 4722; x_wconf 91' lang='lat'>¹¹</span> <span class='ocrx_word' id='word_1_289' title='bbox 1019 4708 1046 4742; x_wconf 82' lang='lat' dir='ltr'>ac</span> <span class='ocrx_word' id='word_1_290' title='bbox 1057 4700 1081 4743; x_wconf 82' lang='lat' dir='ltr'>ct</span> <span class='ocrx_word' id='word_1_291' title='bbox 1091 4707 1159 4757; x_wconf 78' lang='lat' dir='ltr'>suat,</span> <span class='ocrx_word' id='word_1_292' title='bbox 1169 4692 1287 4756; x_wconf 82' lang='lat' dir='ltr'>inserted,</span> <span class='ocrx_word' id='word_1_293' title='bbox 1297 4694 1329 4747; x_wconf 74' lang='lat' dir='ltr'>Ia.</span> <span class='ocrx_word' id='word_1_294' title='bbox 1342 4694 1374 4749; x_wconf 88' lang='lat' dir='ltr'>G.</span> 
     </span>
    </p>
   </div>
   <div class='ocr_carea' id='block_1_14' title="bbox 0 0 1663 6240">
    <p class='ocr_par' dir='ltr' id='par_1_18' title="bbox 0 0 1663 6240">
     <span class='ocr_line' id='line_1_38' title="bbox 0 0 1663 6240; baseline 0 0"><span class='ocrx_word' id='word_1_295' title='bbox 0 0 1663 6240; x_wconf 95' lang='lat' dir='ltr'> </span> 
     </span>
    </p>
   </div>
  </div>
 </body>
</html>
