3316 6240
228 1285 293 1332 mn.
310 1271 371 1354 vr]
431 1287 590 1335 sacrorn
612 1286 792 1335 vmurnrro
815 1287 1077 1336 carruaamrsi
1214 1269 1280 1338 427

491 1507 570 1592 (14.)
597 1506 817 1591 Oonfiroaota'o
838 1506 1011 1573 miracul.

277 1641 373 1721 Quod
396 1664 437 1707 ex
460 1663 515 1707 ore
536 1642 701 1716 narrantis
723 1641 832 1708 clerici
854 1643 1088 1727 prosequimur,
1112 1664 1279 1727 possemus

183 1800 193 1819 ,
232 1744 336 1829 patris
381 1744 459 1829 ejus,
499 1755 718 1830 cognatorum,
762 1749 796 1808 et
841 1744 1111 1810 convicaneorum
1157 1746 1280 1830 pariter

232 1847 511 1933 peregrinantium
545 1846 734 1911 testimonio
767 1847 983 1931 comprobare.
1031 1847 1096 1911 Sed
1119 1847 1197 1932 quia
1224 1849 1280 1912 do·

231 1950 402 2014 mesticum
426 1949 651 2014 testimonium
674 1949 784 2013 minus
806 1949 961 2013 idoneum
993 1956 1155 2034 putamus,
1179 1954 1280 2014 testes

231 2052 367 2115 testium
389 2051 587 2116 abscisorum
622 2051 848 2135 privilegiatos
880 2056 914 2114 et
936 2051 1175 2136 irrefragabiles
1206 2074 1279 2136 pro·

231 2150 465 2236 ducamus,'qui
480 2152 611 2215 tametsi
627 2150 736 2236 plures
750 2151 1089 2236 suppetant,sufficiat
1101 2153 1279 2217 auotoritas

229 2253 425 2318 venerabilis
467 2253 632 2317 memoriae
671 2251 851 2318 Castrensis
889 2253 1039 2338 episcopi,
1078 2254 1279 2339 epistolaquo

230 2355 374 2440 ejusdem
405 2353 528 2439 triplici
551 2353 659 2440 sigillo
690 2353 827 2440 signata,
852 2375 925 2418 cum
958 2354 1070 2438 paucis
1093 2355 1280 2434 versiculis3

229 2479 302 2541 quae
325 2456 513 2542 hujusmodi
537 2463 594 2521 est.

276 2558 490 2622 “Venerabili
529 2558 616 2642 patri
662 2578 720 2620 suo
759 2556 901 2621 Ricardo
940 2556 1003 2619 Dei
1048 2557 1156 2641 gratia
1194 2557 1279 2622 Can·
1294 2550 1408 2665 {peppo

230 2669 246 2693 ‘⁴
271 2661 428 2724 tuariensi
467 2659 715 2744 archiepiscopo,
752 2659 854 2722 totius
893 2658 1023 2744 Anglim
1068 2659 1203 2743 primati
1246 2666 1280 2724 et
1293 2633 1423 2746 sillod'of

233 2769 248 2794 “
271 2761 457 2846 apostolicae
496 2761 580 2825 sedis
618 2760 735 2845 legato,
784 2758 973 2844 R[icardus]
1022 2761 1134 2824 eadem
1171 2763 1280 2845 gratia
1293 2750 1439 2866 ξθῆῗῃζῖνᾶ

232 2871 248 2894 “
272 2862 504 2927 Covontronsis
527 2862 696 2947 episcopus
720 2862 865 2926 debitam
889 2861 1118 2925 obedientiam.
1294 2833 1448 2947 arehbeishbp'

277 2963 459 3026 “Noverit
496 2968 606 3025 vestra
652 2961 846 3026 excellentia
884 2961 1001 3037 Deum,
1026 2962 1062 3024 in
1085 2970 1198 3027 sancto
1221 2986 1281 3029 suo
1294 2947 1462 3064 gflcanh‘fs'·

232 3073 248 3097 “
271 3064 397 3129 Thoma
434 3065 625 3141 mirabilem,
667 3063 921 3128 Coventrensem
968 3064 1121 3129 diocesim
1161 3087 1280 3152 magno
1294 3031 1425 3155 coordinat

234 3173 376 3251 “nuper
406 3165 557 3229 visitasse
595 3165 760 3230 miraculo.
821 3165 925 3249 Cujus
965 3166 1097 3249 quidem
1129 3168 1279 3232 miraculi
1294 3147 1439 3280 ἒξζὲὲξιὲζθ

231 3267 503 3332 “certitudinem
545 3266 716 3331 exhibebit
757 3267 940 3350 praescntiae
978 3272 1097 3331 vestrae
1144 3270 1279 3335 clericus
1293 3286 1372 3343 story.

232 3371 359 3434 “lator
392 3370 611 3454 pnesontium.
675 3368 745 3444 Oui,
784 3375 824 3432 ut
862 3390 903 3433 ex
937 3370 1142 3453 ‹puerimonia
1175 3394 1280 3456 usque

231 3479 248 3508 “
272 3473 314 3536 ad
348 3471 552 3536 audientiam
586 3476 728 3535 vestram
752 3471 828 3534 inde
862 3470 990 3555 perlata
1021 3472 1177 3549 innotuit,
1202 3474 1279 3536 viri-

232 3574 319 3639 “lia
349 3574 472 3659 perfido
495 3579 529 3637 ct
551 3573 713 3637 violenter
750 3573 936 3657 injusteque
972 3573 1099 3637 abscisa
1136 3574 1278 3640 fuerunt.

231 3675 338 3740 “Sed
368 3680 500 3740 sanctus
521 3675 583 3739 Dei
608 3673 756 3750 Thomas,
781 3674 909 3741 devotae
933 3674 1182 3760 supplicationis
1205 3699 1279 3762 pro-

230 3778 374 3863 “pitius
406 3777 587 3852 exauditor,
618 3775 751 3840 assidua
793 3775 896 3859 ipsius
935 3776 1042 3840 clerici
1074 3778 1190 3841 orandi
1228 3779 1279 3841 in-

231 3888 247 3914 “
270 3882 402 3956 stantia,
426 3877 570 3965 propriil
594 3878 676 3941 moti
710 3877 849 3953 miseria,
882 3878 997 3961 suique
1035 3879 1158 3963 pudore
1181 3880 1278 3944 vehe-

230 3989 247 4018 “
271 3989 399 4046 menter
421 3980 554 4057 confusi,
572 3979 705 4044 tandem
723 3979 753 4042 ci
770 3979 832 4042 sub
848 3979 978 4043 silentio
993 3981 1099 4044 noctis
1115 3982 1278 4067 apparuit,

229 4090 245 4115 “
270 4087 304 4146 et
337 4087 447 4146 amoto
479 4081 567 4165 quod
597 4080 790 4143 vulneribus
825 4081 1012 4164 appositum
1035 4082 1143 4146 fuerat
1176 4085 1278 4147 medi·

229 4191 248 4217 “
271 4183 405 4258 camine,
438 4204 496 4246 suo
528 4181 625 4246 solito
648 4182 800 4245 medendi
832 4182 928 4245 modo
952 4203 1018 4245 una
1053 4184 1083 4245 ei
1113 4189 1208 4248 nocte
1231 4185 1278 4248 al-

232 4290 379 4348 “terum
401 4283 548 4346 virilium
571 4282 665 4366 plene
688 4284 841 4358 reddidit,
865 4283 1016 4348 similiter
1050 4291 1084 4347 et
1115 4285 1279 4368 reliquum

232 4394 248 4419 “
272 4384 337 4449 alia
359 4390 454 4450 nocte
486 4385 641 4449 restituit.
688 4384 753 4449 Sed
777 4390 811 4448 et
833 4392 952 4449 caetera
979 4407 1053 4470 quse
1088 4386 1123 4447 in
1147 4406 1279 4472 corpore

218 4483 248 4520 '“
271 4487 409 4551 vulnera
431 4491 599 4571 acceperat
614 4487 748 4551 omnino
772 4488 911 4552 sanavit.
959 4486 1062 4571 Oujus
1080 4488 1128 4551 roi
1143 4489 1278 4554 veritati

232 4595 248 4624 “
272 4610 342 4654 non
362 4589 459 4653 modo
481 4589 708 4653 testimonium
742 4588 894 4674 perhibet
929 4594 1000 4652 tota
1023 4589 1278 4655 Conventrensis

233 4700 249 4725 “
272 4691 449 4775 provincia,
472 4690 528 4754 sed
560 4695 594 4753 et
615 4690 779 4754 infinitus
813 4690 983 4753 hominum
1016 4711 1053 4753 eo
1076 4695 1278 4755 transmean-

238 4799 257 4827 “
280 4792 365 4855 tium
387 4812 543 4855 numerus
566 4791 696 4855 oculata
717 4792 781 4855 fide
805 4791 851 4854 sio
866 4812 935 4853 csse
951 4791 1114 4875 comperit,
1131 4792 1277 4856 testimo-

234 4898 255 4930 “
280 4894 400 4978 nioque
423 4894 557 4957 videndi
581 4898 615 4957 ct
630 4893 788 4979 tangendi
811 4898 936 4957 certum
961 4894 1192 4978 comprobavit,
1209 4894 1279 4980 ipso

234 5006 250 5030 “
274 4997 374 5061 etiarn
407 5002 538 5060 auctore
576 4995 705 5060 sceleris
728 5000 908 5059 attestante
932 5000 967 5058 et
997 5017 1072 5059 cum
1091 4996 1280 5079 juramento

232 5108 249 5133 “
272 5099 449 5164 confitente
472 5098 517 5161 sio
552 5119 585 5161 sc
616 5120 655 5161 ea
677 5096 859 5172 abstulisse,
883 5097 969 5162 siout
991 5101 1025 5162 et
1047 5098 1083 5160 in
1106 5101 1280 5182 praesentia

677 5295 684 5326 ¹
700 5277 825 5358 propria?
