3316 6240
383 783 448 846 298
716 796 895 846 urrunnu
918 799 942 845 s.
967 797 1103 858 cneum,
1285 785 1364 868 [ern.
1383 801 1433 850 111.

385 984 472 1049 Mira
494 984 627 1050 dileetio
659 989 693 1049 et
725 984 899 1071 diligentia
921 988 1108 1050 sanctorum
1141 984 1228 1051 eirca
1256 985 1434 1052 tuitionem

385 1087 593 1153 mortalium!
637 1086 872 1172 Apparuerunt
894 1085 1106 1171 naufraganti
1129 1086 1238 1153 denuo
1260 1089 1318 1174 qui
1341 1089 1433 1175 prius

385 1194 606 1276 apparuerant
621 1188 661 1254 de
684 1189 746 1252 sub
769 1194 876 1275 ponte,
896 1188 968 1274 jam
989 1189 1026 1253 in
1042 1191 1197 1255 extremis
1216 1191 1433 1257 constitutum

384 1292 566 1377 eripientes,
602 1295 636 1354 et
672 1291 775 1376 ponti,
810 1290 868 1375 qui
906 1291 1012 1355 tribus
1045 1295 1105 1356 aut
1137 1297 1279 1376 quatuor
1313 1293 1433 1358 cubitis

384 1394 482 1459 undae
520 1392 748 1478 supereminet,
787 1392 999 1478 imponentes.
1062 1392 1210 1472 Quorum
1248 1415 1343 1472 unua,
1378 1396 1434 1460 de-

386 1517 479 1562 corus
497 1500 639 1582 aspectu,
657 1494 902 1561 sacerdotaliter
924 1496 1070 1573 indutus
1094 1495 1250 1562 familiari
1273 1496 1434 1584 colloquio

382 1621 459 1665 eum
481 1597 666 1664 consolatus
688 1603 746 1674 est,
762 1597 881 1674 dicens,
906 1604 924 1631 “
939 1597 1051 1683 Surge,
1075 1598 1159 1663 vade
1183 1598 1325 1677 demum,
1349 1600 1434 1665 bono

384 1708 400 1735 “
423 1705 482 1764 tuo
515 1720 657 1785 cavens,
689 1698 772 1763 Heri
810 1699 875 1764 mei
915 1720 1040 1764 memor
1070 1698 1184 1779 fuisti3
1218 1701 1354 1766 intendo
1393 1701 1433 1768 de

383 1809 402 1837 “
422 1808 540 1867 cetero
563 1800 658 1865 bonis
680 1800 860 1887 operibus.”

427 1902 496 1979 Ille,
529 1902 679 1968 elabente
711 1904 754 1967 ab
788 1902 889 1967 oeulis
921 1903 1047 1968 visione
1088 1908 1282 1982 sanctorum,
1313 1904 1433 1971 fluctus

384 2004 506 2069 bibitos
529 2004 685 2082 evomuit,
709 2004 852 2089 datoque
875 2004 988 2090 vigore
1019 2005 1182 2091 tantisper
1212 2006 1365 2071 manibus
1398 2014 1433 2072 et

382 2107 521 2195 genibus
558 2112 691 2192 reptans
725 2108 768 2172 ad
811 2107 933 2172 estium
971 2107 1142 2193 eujusdam
1191 2109 1338 2195 pulsavit
1375 2112 1433 2195 qui

382 2210 511 2275 toloneo
543 2208 677 2294 praefuit
707 2216 743 2274 et
773 2209 867 2295 ponti
891 2230 999 2275 casam
1023 2208 1180 2276 affixerat.
1228 2211 1294 2291 Qui
1324 2218 1433 2278 matu·

384 2313 492 2378 tinum
516 2312 716 2397 pulsatorem
731 2311 899 2376 admirans
922 2311 1042 2396 quaerit
1057 2313 1131 2396 quis
1146 2318 1204 2377 est.
1249 2313 1433 2399 Respondit

383 2438 418 2481 se
447 2414 635 2480 Joharmem
658 2435 734 2479 csse.
781 2422 798 2448 “
813 2413 999 2491 Nondum,'’
1020 2414 1077 2491 ait,
1102 2415 1215 2495 “seie;
1237 2416 1336 2481 multi
1358 2439 1431 2483 een-

383 2528 400 2553 “
422 2525 537 2584 sentur
559 2518 621 2583 hoc
651 2516 811 2582 nomine.’'
856 2516 1041 2601 Subjunxit
1061 2517 1114 2582 his
1145 2520 1203 2603 qui
1234 2519 1431 2605 pulsaverat,

383 2628 400 2655 “
423 2620 593 2685 Johannes
625 2640 706 2695 sum,
730 2639 831 2703 nepos
867 2617 982 2683 Swaui
1011 2619 1226 2685 mercatoris.''
1273 2629 1290 2655 “
1299 2621 1332 2685 N
1335 2643 1432 2707 equa-

322 2790 336 2813 ·
382 2730 399 2757 “
424 2719 549 2807 quaru,'’
572 2720 683 2804 inquit
705 2741 790 2784 uxor
812 2719 973 2796 telonarii,
998 2728 1014 2754 “
1027 2719 1173 2798 intrabit,
1190 2721 1269 2805 quia
1283 2727 1433 2787 mortuus

382 2833 399 2859 “
422 2822 498 2888 est.''
544 2822 622 2887 Jam
644 2821 733 2886 enim
767 2842 872 2885 sermo
895 2820 1123 2906 percrebuerat
1146 2823 1224 2907 quia
1246 2822 1433 2889 submersus

383 2925 572 2992 interiisset.
619 2924 752 3009 Adjecit
767 2923 820 2987 vir
834 2923 913 3008 ejus
939 2923 1046 2989 “Sive
1068 2929 1218 2988 mortuus
1240 2925 1310 2990 sive
1333 2926 1432 2991 vivus

381 3037 399 3066 “
421 3030 474 3107 sit,
490 3050 533 3094 cx
556 3049 622 3113 quo
637 3027 792 3111 loquitur,
808 3024 1038 3111 ingredietur.’'
1085 3025 1129 3090 Et
1150 3047 1225 3092 cum
1241 3029 1430 3113 aperuisset,

381 3133 503 3198 corruit
536 3130 594 3213 ¹ille
632 3128 743 3193 subito
777 3128 872 3213 quasi
910 3132 1067 3205 mortuus,
1105 3129 1188 3206 visu,
1223 3130 1358 3206 viribus,
1397 3138 1432 3196 et

381 3234 500 3300 auditu
522 3232 712 3308 destitutus,
744 3233 873 3295 utnon
895 3234 1005 3315 posset
1028 3230 1070 3295 ab
1100 3252 1138 3294 eo
1161 3230 1298 3295 verbum
1321 3236 1431 3296 exter-

382 3336 485 3421 queri.
532 3336 736 3421 Reportatus
769 3338 881 3397 autem
903 3331 980 3395 inde
1006 3331 1050 3397 ad
1073 3333 1212 3418 propria,
1235 3333 1431 3418 procedente

381 3437 435 3503 die
457 3436 606 3523 aperiens
628 3434 738 3502 oeulos
761 3434 889 3500 locutus
912 3440 969 3499 est.

214 3552 361 3619 Kingwil-
428 3540 509 3604 Euat
532 3537 588 3604 illo
611 3538 664 3603 die
695 3536 752 3603 illo
783 3536 820 3601 in
851 3536 924 3601 viee
946 3558 1006 3600 rex
1038 3536 1209 3602 Scotorum
1235 3536 1429 3615 Willelmus,

212 3620 336 3737 {ffissfld
383 3643 441 3730 qui
471 3641 560 3709 tanti
593 3640 744 3707 miraculi
766 3639 917 3704 novitate
939 3660 1111 3723 percussus
1133 3639 1169 3702 in
1202 3639 1335 3725 propria
1356 3662 1429 3725 per-

211 3754 342 3803 manetho
382 3769 463 3814 sona
486 3752 522 3811 et
553 3744 684 3812 oculata
714 3743 855 3808 veritate
887 3742 975 3827 quod
1010 3763 1107 3827 super
1137 3740 1325 3827 opinionem
1359 3747 1430 3808 erat

213 3819 346 3951 ἓῗὲῖξξί
381 3849 536 3935 cupiebat
562 3845 693 3911 intueri.
741 3844 807 3910 Sed
842 3844 921 3928 quia
950 3863 1096 3928 purpura
1118 3862 1185 3907 non
1219 3842 1254 3906 in
1287 3842 1430 3908 humiles

213 3959 241 4031 3⁰
253 3952 352 4017 inquire
381 3953 503 4039 migrat
518 3951 680 4026 tabernas,
696 3948 788 4012 misit
803 3947 992 4033 episcopum
1009 3944 1259 4032 Glesgueensem
1276 3950 1310 4010 et
1324 3945 1429 4011 archi-

212 4020 323 4153 fflm
381 4056 556 4121 diaconum
580 4053 622 4117 ad
648 4050 879 4138 inquirendam
913 4048 1097 4113 veritatem.
1144 4047 1218 4127 Qui,
1242 4068 1317 4114 cum
1348 4070 1429 4113 nau-

380 4159 511 4245 fragum
533 4155 755 4229 convenirent,
780 4158 814 4217 et
836 4153 898 4216 sub
918 4150 1138 4217 anathematis
1161 4151 1429 4216 interminatione

380 4261 592 4350 prohiberent
629 4279 672 4322 nc
710 4256 792 4341 quid
829 4255 952 4321 diceret
989 4255 1077 4339 qued
1108 4275 1129 4319 a
1162 4275 1241 4318 vero
1273 4254 1428 4331 deiriaret,

381 4364 607 4451 populumque
631 4360 808 4435 seduceret,
831 4357 981 4422 narravit
1003 4358 1094 4420 dese
1117 4355 1204 4423 sieut
1222 4356 1429 4421 narravimus

381 4467 422 4531 de
454 4488 500 4531 co.
558 4465 655 4546 Quod
690 4467 724 4527 et
761 4461 855 4525 nobis
889 4460 1039 4526 narravit
1076 4466 1151 4545 post
1184 4459 1427 4545 aliquantulum

379 4569 544 4654 temporis
