3316 6240
368 770 435 833 380
703 784 882 835 uruaoum
904 788 929 835 s.
953 787 1090 847 rnoun,
1292 773 1370 856 [crs.
1387 790 1420 838 v.

367 981 386 1008 “
408 974 531 1038 malum
562 975 816 1059 amplexantem,
840 980 1012 1061 totamque
1043 980 1149 1041 ratem
1180 976 1275 1061 signo
1299 982 1421 1043 mnetae

367 1082 385 1109 “
406 1074 511 1140 crucis
541 1075 771 1141 munientem.'’
836 1074 959 1141 Nautis
990 1076 1095 1162 igitur
1127 1076 1162 1140 in
1185 1078 1286 1142 verbo
1317 1079 1419 1163 respi-

366 1176 524 1254 rantibus,
549 1177 642 1242 miles
672 1176 829 1264 praefatus
860 1198 978 1263 rogans
1009 1178 1157 1243 obtinuit
1183 1185 1222 1244 ut
1252 1200 1326 1245 cum
1358 1180 1418 1245 oli-

367 1278 501 1362 quantis
523 1279 761 1364 remigantibus
791 1279 835 1344 ad
855 1283 976 1344 lenam
1007 1279 1044 1343 in
1076 1279 1197 1364 scapha
1227 1285 1418 1366 transpone-

367 1383 478 1457 retur3
514 1378 640 1444 malens
677 1379 713 1443 in
751 1379 850 1444 lintre
885 1401 984 1465 quam
1007 1379 1043 1443 in
1077 1379 1188 1445 carina
1220 1380 1417 1467 naufragari.

329 1480 333 1487 '
367 1479 510 1545 Stabant
532 1486 644 1545 autem
667 1480 702 1543 in
725 1480 837 1545 littore
867 1480 1164 1565 comprovinciales,
1188 1482 1307 1566 praedae
1331 1482 1417 1546 inhi-

365 1586 460 1646 antes
494 1586 528 1647 et
565 1581 774 1668 naufragium
811 1581 1046 1667 praestolantes.
1108 1581 1174 1647 Sed
1211 1582 1265 1645 vir
1301 1584 1417 1649 beatus

365 1682 592 1748 invocantium
607 1705 641 1747 se
657 1705 708 1749 res
723 1689 758 1748 et
768 1682 874 1748 vitam
889 1683 1111 1760 conservabat,
1123 1688 1244 1768 praeter
1258 1684 1417 1767 quosdam

364 1805 408 1848 ex
430 1784 531 1869 equis,
554 1784 612 1869 qui
634 1784 677 1850 ad
699 1784 944 1850 alleviationem
976 1784 1072 1848 navis
1103 1783 1139 1847 in
1165 1784 1273 1851 undas
1299 1790 1417 1869 sponte

365 1885 502 1970 projecti
529 1891 616 1950 sunt.
677 1884 806 1951 Cretam
828 1885 940 1951 omnia
961 1890 1155 1951 conservata
1175 1890 1263 1962 sunt,
1286 1891 1321 1950 ot
1343 1908 1415 1971 pec-

365 1992 439 2053 cata
461 1987 605 2051 remissa.
661 1986 748 2051 Nam
772 1987 1016 2063 consessionem,
1039 1987 1126 2053 sicut
1147 1986 1187 2052 fit
1210 1987 1246 2051 in
1269 1994 1417 2053 extrema

365 2089 567 2165 necessitato,
590 2088 633 2154 ad
653 2087 795 2153 invicem
818 2088 984 2165 fecerant3
1007 2089 1050 2153 ob
1072 2088 1161 2172 quod
1182 2088 1327 2166 fortasse,
1350 2090 1416 2153 dis·

365 2195 509 2275 ponente
546 2189 689 2254 Domino
728 2189 786 2273 qui
823 2210 891 2255 non
928 2190 1004 2254 vult
1042 2194 1181 2253 mortem
1226 2190 1415 2276 peccatoris,

365 2290 546 2375 periculum
577 2290 791 2367 incurrerant,
819 2296 864 2354 ut.
890 2291 1010 2356 animae
1045 2290 1227 2376 periculum
1261 2292 1414 2356 vitarent

365 2391 451 2457 Cum
474 2392 586 2477 itaque
609 2392 730 2476 scapha
752 2391 850 2455 littus
875 2392 1051 2477 attigisset,
1075 2392 1244 2458 conductis
1274 2391 1415 2457 homini-

364 2493 426 2557 bus
448 2493 506 2578 qui
529 2491 587 2559 scii
611 2492 756 2558 locorum
779 2504 883 2570 crant,
906 2493 1001 2558 navis
1024 2493 1068 2559 ad
1090 2492 1209 2559 navale
1232 2494 1391 2579 pervenit.

470 2778 527 2863 (8.)
551 2777 599 2844 Dc
620 2777 781 2845 owouclro
798 2776 988 2864 subrustico
1009 2777 1172 2845 illusione
1193 2785 1314 2846 ceroto.

192 2963 304 3025 nicona,
409 2946 450 3012 In
487 2949 686 3014 monasterio
724 2949 811 3035 quod
854 2948 890 3011 in
928 2944 1084 3014 honorem
1122 2950 1212 3015 beati
1250 2949 1413 3015 Johannis

192 3029 318 3147 mlle
363 3050 573 3137 evangelistae
604 3055 828 3116 constructum
860 3048 968 3114 estin
998 3050 1068 3115 loco
1099 3050 1157 3135 qui
1184 3050 1411 3117 Pontis-fracti

192 3161 349 3239 nectuntur
361 3152 494 3216 nominc
518 3148 733 3237 designatur,1
758 3149 940 3216 Nioholaus
971 3151 1106 3235 quidam
1128 3150 1315 3217 adolescens
1338 3157 1413 3237 post

215 3229 340 3347 offilo,
360 3252 494 3337 aliquod
517 3257 648 3337 tempus
671 3272 740 3315 suro
756 3250 976 3315 conversionis
1000 3252 1190 3317 dormiendo
1212 3274 1254 3318 ex
1277 3274 1410 3317 consuo-

192 3333 348 3437 iscureuof’
362 3354 478 3419 tudine
500 3353 617 3419 fratres
647 3373 723 3417 suos
755 3352 970 3438 inquietabat,
994 3358 1029 3417 et
1058 3354 1222 3419 clamabat
1252 3358 1409 3437 tanquam

192 3424 310 3545 m?
361 3452 421 3521 et2
441 3476 462 3520 a
484 3454 655 3539 spiritibus
677 3454 830 3539 malignis
857 3455 1077 3519 suffocaretur.
1140 3454 1367 3538 Exsilieusque
1389 3476 1411 3519 a

361 3556 453 3633 lecte,
469 3554 578 3619 nudus
601 3554 636 3617 in
659 3575 745 3640 saga,
768 3554 855 3620 sicut
876 3554 1080 3631 accubuerat,
1097 3554 1306 3620 discurrebat.
1353 3555 1409 3618 In-

360 3656 492 3723 terdum
515 3654 609 3722 velut
638 3677 756 3721 manus
786 3678 890 3721 saevas
912 3678 1070 3722 evasurus
1100 3657 1328 3722 dormitorium
1352 3680 1408 3722 ox-

360 3760 520 3835 currebat,
558 3758 703 3824 clamans
740 3757 909 3835 horrende,
951 3766 967 3792 “
989 3757 1167 3847 Succurite,
1206 3760 1409 3824 suocmrito!

360 3872 377 3900 “
400 3862 481 3928 Ecce
513 3865 629 3926 tenent
652 3882 703 3924 me
733 3859 889 3945 jugulum
923 3880 1033 3923 meum
1060 3864 1269 3925 coarctantes.
1330 3860 1407 3927 lam

359 3974 376 4000 “
399 3964 504 4028 vitam
536 3961 618 4026 mihi
641 3961 780 4026 violenti
811 3961 1062 4045 extorquebunt.
1133 3960 1312 4039 Succurito,
1335 3986 1407 4029 suc-

359 4075 375 4102 “
397 4065 519 4132 currito
532 4063 559 4128 !''
605 4062 843 4127 Exsilientibus
869 4067 981 4128 autem
1008 4062 1165 4128 fratribus
1190 4083 1264 4127 cum
1289 4064 1406 4130 timore

357 4165 559 4242 et'clamore,
576 4164 690 4244 “Quid
714 4169 771 4239 est,
788 4164 889 4228 frater
911 4164 1095 4229 Nicholae?
1140 4164 1222 4231 Ecce
1237 4166 1406 4232 vobiscum

251 4316 257 4323 -
358 4279 375 4305 “
397 4289 518 4344 sumus,
549 4266 666 4331 fratres
698 4264 757 4329 tui.
827 4264 985 4350 Imprime
1017 4266 1080 4330 tibi
1114 4265 1245 4352 signum
1275 4268 1406 4346 crucis,''

357 4372 456 4438 etiam
480 4372 568 4435 inter
588 4366 722 4433 brachia
743 4388 856 4433 eorum
879 4366 1046 4432 clamitare
1071 4388 1138 4432 non
1160 4367 1315 4435 demebat.

391 4656 399 4690 ¹
416 4655 586 4720 desiccantur,
598 4651 656 4704 MS.
872 4648 878 4715 Ι
931 4648 942 4681 ²
960 4650 1004 4702 sie
1016 4649 1073 4703 MS.
