<?xml version="1.0" encoding="UTF-8"?>
<!DOCTYPE html PUBLIC "-//W3C//DTD XHTML 1.0 Transitional//EN"
    "http://www.w3.org/TR/xhtml1/DTD/xhtml1-transitional.dtd">
<html xmlns="http://www.w3.org/1999/xhtml" xml:lang="en" lang="en">
 <head>
  <title>
</title>
<meta http-equiv="Content-Type" content="text/html;charset=utf-8" />
  <meta name='ocr-system' content='tesseract 3.04.00' />
  <meta name='ocr-capabilities' content='ocr_page ocr_carea ocr_par ocr_line ocrx_word'/>
</head>
<body>
  <div class='ocr_page' id='page_1' title='image "./materialsforhis01robegoog_0330.png"; bbox 0 0 3316 6240; ppageno 0'>
   <div class='ocr_carea' id='block_1_1' title="bbox 218 1268 1271 1358">
    <p class='ocr_par' dir='ltr' id='par_1_1' title="bbox 218 1268 1271 1358">
     <span class='ocr_line' id='line_1_1' title="bbox 218 1268 1271 1358; baseline -0.002 -20"><span class='ocrx_word' id='word_1_1' title='bbox 218 1289 282 1338; x_wconf 77' lang='lat' dir='ltr'>um.</span> <span class='ocrx_word' id='word_1_2' title='bbox 300 1274 364 1358; x_wconf 85' lang='lat' dir='ltr'>m]</span> <span class='ocrx_word' id='word_1_3' title='bbox 424 1288 584 1338; x_wconf 73' lang='lat' dir='ltr'>sumone</span> <span class='ocrx_word' id='word_1_4' title='bbox 606 1268 785 1337; x_wconf 80' lang='lat' dir='ltr'>wmnmno</span> <span class='ocrx_word' id='word_1_5' title='bbox 808 1285 1069 1337; x_wconf 76' lang='lat' dir='ltr'>crnrornrnnsi</span> <span class='ocrx_word' id='word_1_6' title='bbox 1207 1273 1271 1336; x_wconf 78' lang='lat'>283</span> 
     </span>
    </p>
   </div>
   <div class='ocr_carea' id='block_1_2' title="bbox 218 1463 1272 3075">
    <p class='ocr_par' dir='ltr' id='par_1_2' title="bbox 218 1463 1272 3075">
     <span class='ocr_line' id='line_1_2' title="bbox 223 1463 1271 1550; baseline 0 -23"><span class='ocrx_word' id='word_1_7' title='bbox 223 1484 323 1548; x_wconf 85' lang='lat' dir='ltr'>quam</span> <span class='ocrx_word' id='word_1_8' title='bbox 346 1466 434 1550; x_wconf 92' lang='lat' dir='ltr'>quod</span> <span class='ocrx_word' id='word_1_9' title='bbox 464 1466 699 1530; x_wconf 77' lang='lat' dir='ltr'>intendebatur</span> <span class='ocrx_word' id='word_1_10' title='bbox 729 1464 894 1550; x_wconf 83' lang='lat' dir='ltr'>obtingit;</span> <span class='ocrx_word' id='word_1_11' title='bbox 927 1465 982 1529; x_wconf 91' lang='lat' dir='ltr'>vel</span> <span class='ocrx_word' id='word_1_12' title='bbox 1004 1463 1196 1549; x_wconf 86' lang='lat' dir='ltr'>inopinatus</span> <span class='ocrx_word' id='word_1_13' title='bbox 1229 1485 1271 1527; x_wconf 84' lang='lat' dir='ltr'>ex</span> 
     </span>
     <span class='ocr_line' id='line_1_3' title="bbox 219 1565 1272 1651; baseline -0.004 -19"><span class='ocrx_word' id='word_1_14' title='bbox 219 1566 461 1632; x_wconf 78' lang='lat' dir='ltr'>confluentibus</span> <span class='ocrx_word' id='word_1_15' title='bbox 484 1567 590 1633; x_wconf 88' lang='lat' dir='ltr'>eausis</span> <span class='ocrx_word' id='word_1_16' title='bbox 624 1566 661 1631; x_wconf 95' lang='lat' dir='ltr'>in</span> <span class='ocrx_word' id='word_1_17' title='bbox 693 1565 746 1629; x_wconf 86' lang='lat' dir='ltr'>his</span> <span class='ocrx_word' id='word_1_18' title='bbox 780 1587 854 1651; x_wconf 83' lang='lat' dir='ltr'>quae</span> <span class='ocrx_word' id='word_1_19' title='bbox 890 1567 933 1631; x_wconf 87' lang='lat' dir='ltr'>ob</span> <span class='ocrx_word' id='word_1_20' title='bbox 962 1565 1090 1650; x_wconf 85' lang='lat' dir='ltr'>aliquid</span> <span class='ocrx_word' id='word_1_21' title='bbox 1111 1569 1272 1650; x_wconf 84' lang='lat' dir='ltr'>geruntur</span> 
     </span>
     <span class='ocr_line' id='line_1_4' title="bbox 218 1667 1271 1754; baseline -0.002 -22"><span class='ocrx_word' id='word_1_22' title='bbox 218 1673 366 1732; x_wconf 88' lang='lat' dir='ltr'>eventus.</span> <span class='ocrx_word' id='word_1_23' title='bbox 413 1667 450 1733; x_wconf 91' lang='lat' dir='ltr'>Si</span> <span class='ocrx_word' id='word_1_24' title='bbox 473 1669 577 1754; x_wconf 80' lang='lat' dir='ltr'>igitur</span> <span class='ocrx_word' id='word_1_25' title='bbox 599 1668 690 1732; x_wconf 84' lang='lat' dir='ltr'>istud</span> <span class='ocrx_word' id='word_1_26' title='bbox 713 1668 834 1733; x_wconf 83' lang='lat' dir='ltr'>accidit</span> <span class='ocrx_word' id='word_1_27' title='bbox 856 1689 941 1745; x_wconf 81' lang='lat' dir='ltr'>casu,</span> <span class='ocrx_word' id='word_1_28' title='bbox 964 1667 999 1730; x_wconf 92' lang='lat' dir='ltr'>id</span> <span class='ocrx_word' id='word_1_29' title='bbox 1024 1671 1081 1743; x_wconf 89' lang='lat' dir='ltr'>est,</span> <span class='ocrx_word' id='word_1_30' title='bbox 1098 1667 1271 1731; x_wconf 86' lang='lat' dir='ltr'>temerario</span> 
     </span>
     <span class='ocr_line' id='line_1_5' title="bbox 220 1767 1271 1854; baseline -0.001 -21"><span class='ocrx_word' id='word_1_31' title='bbox 220 1775 312 1834; x_wconf 88' lang='lat' dir='ltr'>motu</span> <span class='ocrx_word' id='word_1_32' title='bbox 336 1770 406 1834; x_wconf 92' lang='lat' dir='ltr'>sine</span> <span class='ocrx_word' id='word_1_33' title='bbox 429 1790 534 1846; x_wconf 76' lang='lat' dir='ltr'>carisa,</span> <span class='ocrx_word' id='word_1_34' title='bbox 550 1769 677 1854; x_wconf 88' lang='lat' dir='ltr'>aliquid</span> <span class='ocrx_word' id='word_1_35' title='bbox 691 1769 731 1834; x_wconf 90' lang='lat' dir='ltr'>fit</span> <span class='ocrx_word' id='word_1_36' title='bbox 746 1769 816 1834; x_wconf 90' lang='lat' dir='ltr'>sine</span> <span class='ocrx_word' id='word_1_37' title='bbox 839 1790 955 1847; x_wconf 79' lang='lat' dir='ltr'>eausa3</span> <span class='ocrx_word' id='word_1_38' title='bbox 977 1790 1051 1833; x_wconf 87' lang='lat' dir='ltr'>curn</span> <span class='ocrx_word' id='word_1_39' title='bbox 1074 1790 1134 1833; x_wconf 85' lang='lat' dir='ltr'>nee</span> <span class='ocrx_word' id='word_1_40' title='bbox 1155 1767 1271 1833; x_wconf 87' lang='lat' dir='ltr'>folium</span> 
     </span>
     <span class='ocr_line' id='line_1_6' title="bbox 219 1871 1271 1957; baseline -0.001 -21"><span class='ocrx_word' id='word_1_41' title='bbox 219 1873 316 1936; x_wconf 82' lang='lat' dir='ltr'>cadet</span> <span class='ocrx_word' id='word_1_42' title='bbox 338 1872 381 1936; x_wconf 88' lang='lat' dir='ltr'>ab</span> <span class='ocrx_word' id='word_1_43' title='bbox 401 1872 516 1937; x_wconf 90' lang='lat' dir='ltr'>arbore</span> <span class='ocrx_word' id='word_1_44' title='bbox 547 1873 616 1936; x_wconf 84' lang='lat' dir='ltr'>sine</span> <span class='ocrx_word' id='word_1_45' title='bbox 650 1893 754 1937; x_wconf 83' lang='lat' dir='ltr'>causa.</span> <span class='ocrx_word' id='word_1_46' title='bbox 801 1871 1014 1957; x_wconf 75' lang='lat' dir='ltr'><strong>Relinquitur</strong></span> <span class='ocrx_word' id='word_1_47' title='bbox 1048 1872 1148 1936; x_wconf 85' lang='lat' dir='ltr'>etlam</span> <span class='ocrx_word' id='word_1_48' title='bbox 1182 1871 1271 1936; x_wconf 89' lang='lat' dir='ltr'>loeus</span> 
     </span>
     <span class='ocr_line' id='line_1_7' title="bbox 220 1975 1272 2060; baseline -0.002 -21"><span class='ocrx_word' id='word_1_49' title='bbox 220 1975 401 2039; x_wconf 68' lang='lat' dir='ltr'>temeritati</span> <span class='ocrx_word' id='word_1_50' title='bbox 424 1975 459 2038; x_wconf 91' lang='lat' dir='ltr'>in</span> <span class='ocrx_word' id='word_1_51' title='bbox 475 1975 644 2039; x_wconf 88' lang='lat' dir='ltr'>mundana</span> <span class='ocrx_word' id='word_1_52' title='bbox 666 1975 887 2060; x_wconf 82' lang='lat' dir='ltr'>dispositione,</span> <span class='ocrx_word' id='word_1_53' title='bbox 903 1995 1076 2058; x_wconf 84' lang='lat' dir='ltr'>rerumque</span> <span class='ocrx_word' id='word_1_54' title='bbox 1096 1975 1272 2059; x_wconf 82' lang='lat' dir='ltr'>derogatur</span> 
     </span>
     <span class='ocr_line' id='line_1_8' title="bbox 219 2076 1272 2163; baseline 0 -23"><span class='ocrx_word' id='word_1_55' title='bbox 219 2077 365 2154; x_wconf 83' lang='lat' dir='ltr'>Auctori,</span> <span class='ocrx_word' id='word_1_56' title='bbox 388 2078 446 2162; x_wconf 91' lang='lat' dir='ltr'>qui</span> <span class='ocrx_word' id='word_1_57' title='bbox 468 2078 516 2142; x_wconf 88' lang='lat' dir='ltr'>sie</span> <span class='ocrx_word' id='word_1_58' title='bbox 536 2083 696 2163; x_wconf 85' lang='lat' dir='ltr'>perpetua</span> <span class='ocrx_word' id='word_1_59' title='bbox 717 2077 877 2141; x_wconf 90' lang='lat' dir='ltr'>mundum</span> <span class='ocrx_word' id='word_1_60' title='bbox 894 2077 1020 2141; x_wconf 84' lang='lat' dir='ltr'>ratione</span> <span class='ocrx_word' id='word_1_61' title='bbox 1042 2076 1212 2161; x_wconf 83' lang='lat' dir='ltr'>gubemet‚</span> <span class='ocrx_word' id='word_1_62' title='bbox 1232 2081 1272 2140; x_wconf 84' lang='lat' dir='ltr'>ut</span> 
     </span>
     <span class='ocr_line' id='line_1_9' title="bbox 219 2179 1271 2265; baseline 0 -22"><span class='ocrx_word' id='word_1_63' title='bbox 219 2179 305 2243; x_wconf 90' lang='lat' dir='ltr'>nihil</span> <span class='ocrx_word' id='word_1_64' title='bbox 336 2180 373 2244; x_wconf 94' lang='lat' dir='ltr'>in</span> <span class='ocrx_word' id='word_1_65' title='bbox 405 2201 465 2244; x_wconf 92' lang='lat' dir='ltr'>suo</span> <span class='ocrx_word' id='word_1_66' title='bbox 496 2200 597 2265; x_wconf 89' lang='lat' dir='ltr'>regno</span> <span class='ocrx_word' id='word_1_67' title='bbox 626 2180 752 2263; x_wconf 90' lang='lat' dir='ltr'>justam</span> <span class='ocrx_word' id='word_1_68' title='bbox 787 2179 1026 2244; x_wconf 81' lang='lat' dir='ltr'>ordinationem</span> <span class='ocrx_word' id='word_1_69' title='bbox 1049 2180 1177 2255; x_wconf 88' lang='lat' dir='ltr'>evadat,</span> <span class='ocrx_word' id='word_1_70' title='bbox 1201 2179 1271 2243; x_wconf 90' lang='lat' dir='ltr'>sive</span> 
     </span>
     <span class='ocr_line' id='line_1_10' title="bbox 219 2280 1269 2366; baseline -0.001 -22"><span class='ocrx_word' id='word_1_71' title='bbox 219 2281 343 2345; x_wconf 92' lang='lat' dir='ltr'>bonum</span> <span class='ocrx_word' id='word_1_72' title='bbox 381 2281 432 2357; x_wconf 84' lang='lat' dir='ltr'>sit,</span> <span class='ocrx_word' id='word_1_73' title='bbox 456 2281 526 2345; x_wconf 90' lang='lat' dir='ltr'>sive</span> <span class='ocrx_word' id='word_1_74' title='bbox 549 2281 681 2357; x_wconf 92' lang='lat' dir='ltr'>malum,</span> <span class='ocrx_word' id='word_1_75' title='bbox 705 2282 794 2366; x_wconf 92' lang='lat' dir='ltr'>quod</span> <span class='ocrx_word' id='word_1_76' title='bbox 817 2281 968 2365; x_wconf 86' lang='lat' dir='ltr'>quamvis</span> <span class='ocrx_word' id='word_1_77' title='bbox 997 2280 1069 2344; x_wconf 91' lang='lat' dir='ltr'>fieri</span> <span class='ocrx_word' id='word_1_78' title='bbox 1090 2281 1269 2365; x_wconf 85' lang='lat' dir='ltr'>permittat,</span> 
     </span>
     <span class='ocr_line' id='line_1_11' title="bbox 218 2380 1271 2464; baseline -0.002 -19"><span class='ocrx_word' id='word_1_79' title='bbox 218 2386 330 2446; x_wconf 84' lang='lat' dir='ltr'>tamen</span> <span class='ocrx_word' id='word_1_80' title='bbox 345 2382 570 2447; x_wconf 86' lang='lat' dir='ltr'>inordinatum</span> <span class='ocrx_word' id='word_1_81' title='bbox 585 2403 737 2447; x_wconf 84' lang='lat' dir='ltr'>essenon</span> <span class='ocrx_word' id='word_1_82' title='bbox 752 2382 840 2445; x_wconf 87' lang='lat' dir='ltr'>sinit.</span> <span class='ocrx_word' id='word_1_83' title='bbox 887 2381 924 2445; x_wconf 80' lang='lat' dir='ltr'>si</span> <span class='ocrx_word' id='word_1_84' title='bbox 945 2386 1056 2444; x_wconf 88' lang='lat' dir='ltr'>autom</span> <span class='ocrx_word' id='word_1_85' title='bbox 1072 2380 1162 2445; x_wconf 88' lang='lat' dir='ltr'>istud</span> <span class='ocrx_word' id='word_1_86' title='bbox 1183 2381 1271 2464; x_wconf 92' lang='lat' dir='ltr'>quod</span> 
     </span>
     <span class='ocr_line' id='line_1_12' title="bbox 219 2481 1272 2567; baseline 0 -23"><span class='ocrx_word' id='word_1_87' title='bbox 219 2483 254 2545; x_wconf 91' lang='lat' dir='ltr'>in</span> <span class='ocrx_word' id='word_1_88' title='bbox 278 2484 458 2567; x_wconf 84' lang='lat' dir='ltr'>quaestiono</span> <span class='ocrx_word' id='word_1_89' title='bbox 481 2483 626 2547; x_wconf 90' lang='lat' dir='ltr'>vertitur</span> <span class='ocrx_word' id='word_1_90' title='bbox 658 2505 700 2546; x_wconf 81' lang='lat' dir='ltr'>ex</span> <span class='ocrx_word' id='word_1_91' title='bbox 734 2482 839 2545; x_wconf 82' lang='lat' dir='ltr'>obviis</span> <span class='ocrx_word' id='word_1_92' title='bbox 874 2483 935 2544; x_wconf 84' lang='lat' dir='ltr'>sibi</span> <span class='ocrx_word' id='word_1_93' title='bbox 964 2488 998 2545; x_wconf 86' lang='lat' dir='ltr'>et</span> <span class='ocrx_word' id='word_1_94' title='bbox 1031 2481 1272 2545; x_wconf 84' lang='lat' dir='ltr'>confluentibus</span> 
     </span>
     <span class='ocr_line' id='line_1_13' title="bbox 219 2581 1270 2669; baseline -0.002 -21"><span class='ocrx_word' id='word_1_95' title='bbox 219 2585 326 2648; x_wconf 83' lang='lat' dir='ltr'>oensis</span> <span class='ocrx_word' id='word_1_96' title='bbox 357 2585 526 2669; x_wconf 86' lang='lat' dir='ltr'>inopinato</span> <span class='ocrx_word' id='word_1_97' title='bbox 559 2584 719 2668; x_wconf 87' lang='lat' dir='ltr'>provenit,</span> <span class='ocrx_word' id='word_1_98' title='bbox 761 2605 892 2648; x_wconf 80' lang='lat' dir='ltr'>eausam</span> <span class='ocrx_word' id='word_1_99' title='bbox 936 2584 1112 2668; x_wconf 84' lang='lat' dir='ltr'>quaerimus</span> <span class='ocrx_word' id='word_1_100' title='bbox 1153 2581 1270 2646; x_wconf 87' lang='lat' dir='ltr'>harum</span> 
     </span>
     <span class='ocr_line' id='line_1_14' title="bbox 219 2684 1270 2770; baseline -0.004 -20"><span class='ocrx_word' id='word_1_101' title='bbox 219 2706 398 2750; x_wconf 87' lang='lat' dir='ltr'>eausarum.</span> <span class='ocrx_word' id='word_1_102' title='bbox 445 2686 490 2748; x_wconf 89' lang='lat' dir='ltr'>Et</span> <span class='ocrx_word' id='word_1_103' title='bbox 515 2706 643 2750; x_wconf 85' lang='lat' dir='ltr'>neeesse</span> <span class='ocrx_word' id='word_1_104' title='bbox 675 2691 725 2750; x_wconf 86' lang='lat' dir='ltr'>est</span> <span class='ocrx_word' id='word_1_105' title='bbox 758 2685 926 2750; x_wconf 86' lang='lat' dir='ltr'>fateantur</span> <span class='ocrx_word' id='word_1_106' title='bbox 948 2684 1088 2770; x_wconf 90' lang='lat' dir='ltr'>primam</span> <span class='ocrx_word' id='word_1_107' title='bbox 1120 2684 1270 2760; x_wconf 79' lang='lat' dir='ltr'>Causam,</span> 
     </span>
     <span class='ocr_line' id='line_1_15' title="bbox 220 2786 1270 2872; baseline -0.002 -21"><span class='ocrx_word' id='word_1_108' title='bbox 220 2809 294 2872; x_wconf 83' lang='lat' dir='ltr'>quae</span> <span class='ocrx_word' id='word_1_109' title='bbox 317 2807 416 2852; x_wconf 88' lang='lat' dir='ltr'>eausa</span> <span class='ocrx_word' id='word_1_110' title='bbox 431 2791 481 2851; x_wconf 88' lang='lat' dir='ltr'>est</span> <span class='ocrx_word' id='word_1_111' title='bbox 496 2787 644 2851; x_wconf 90' lang='lat' dir='ltr'>omnium</span> <span class='ocrx_word' id='word_1_112' title='bbox 666 2807 847 2863; x_wconf 81' lang='lat' dir='ltr'>causarum,</span> <span class='ocrx_word' id='word_1_113' title='bbox 871 2787 965 2872; x_wconf 87' lang='lat' dir='ltr'>eujus</span> <span class='ocrx_word' id='word_1_114' title='bbox 980 2786 1073 2850; x_wconf 89' lang='lat' dir='ltr'>nulla</span> <span class='ocrx_word' id='word_1_115' title='bbox 1088 2791 1138 2850; x_wconf 88' lang='lat' dir='ltr'>est</span> <span class='ocrx_word' id='word_1_116' title='bbox 1164 2807 1270 2850; x_wconf 89' lang='lat' dir='ltr'>eausa.</span> 
     </span>
     <span class='ocr_line' id='line_1_16' title="bbox 222 2887 1271 2973; baseline -0.001 -22"><span class='ocrx_word' id='word_1_117' title='bbox 222 2887 296 2966; x_wconf 79' lang='lat' dir='ltr'>Qua</span> <span class='ocrx_word' id='word_1_118' title='bbox 310 2887 472 2972; x_wconf 81' lang='lat' dir='ltr'>dirigente</span> <span class='ocrx_word' id='word_1_119' title='bbox 487 2892 617 2973; x_wconf 87' lang='lat' dir='ltr'>gestum</span> <span class='ocrx_word' id='word_1_120' title='bbox 633 2892 683 2951; x_wconf 90' lang='lat' dir='ltr'>ost</span> <span class='ocrx_word' id='word_1_121' title='bbox 698 2887 892 2951; x_wconf 76' lang='lat' dir='ltr'>miraculum</span> <span class='ocrx_word' id='word_1_122' title='bbox 909 2887 996 2971; x_wconf 91' lang='lat' dir='ltr'>quod</span> <span class='ocrx_word' id='word_1_123' title='bbox 1011 2908 1200 2966; x_wconf 82' lang='lat' dir='ltr'>narramus3</span> <span class='ocrx_word' id='word_1_124' title='bbox 1222 2893 1271 2950; x_wconf 91' lang='lat' dir='ltr'>et·</span> 
     </span>
     <span class='ocr_line' id='line_1_17' title="bbox 219 2988 1271 3075; baseline 0.002 -23"><span class='ocrx_word' id='word_1_125' title='bbox 219 2989 308 3052; x_wconf 91' lang='lat' dir='ltr'>enim</span> <span class='ocrx_word' id='word_1_126' title='bbox 330 3010 460 3073; x_wconf 61' lang='lat' dir='ltr'>gressum</span> <span class='ocrx_word' id='word_1_127' title='bbox 491 2988 644 3052; x_wconf 82' lang='lat' dir='ltr'>animalis</span> <span class='ocrx_word' id='word_1_128' title='bbox 676 2989 818 3075; x_wconf 85' lang='lat' dir='ltr'>regebat,</span> <span class='ocrx_word' id='word_1_129' title='bbox 842 2990 930 3074; x_wconf 90' lang='lat' dir='ltr'>quod</span> <span class='ocrx_word' id='word_1_130' title='bbox 964 2988 1097 3054; x_wconf 85' lang='lat' dir='ltr'>fortuna</span> <span class='ocrx_word' id='word_1_131' title='bbox 1126 2990 1271 3068; x_wconf 87' lang='lat' dir='ltr'>ferebat;</span> 
     </span>
    </p>
   </div>
   <div class='ocr_carea' id='block_1_3' title="bbox 220 3089 1271 3458">
    <p class='ocr_par' dir='ltr' id='par_1_3' title="bbox 220 3089 1271 3458">
     <span class='ocr_line' id='line_1_18' title="bbox 220 3089 1271 3174; baseline 0.004 -22"><span class='ocrx_word' id='word_1_132' title='bbox 220 3089 308 3173; x_wconf 88' lang='lat' dir='ltr'>quod</span> <span class='ocrx_word' id='word_1_133' title='bbox 339 3089 469 3154; x_wconf 88' lang='lat' dir='ltr'>errabat</span> <span class='ocrx_word' id='word_1_134' title='bbox 497 3089 640 3174; x_wconf 78' lang='lat' dir='ltr'>agasoni</span> <span class='ocrx_word' id='word_1_135' title='bbox 664 3111 732 3154; x_wconf 91' lang='lat' dir='ltr'>non</span> <span class='ocrx_word' id='word_1_136' title='bbox 754 3092 884 3156; x_wconf 80' lang='lat' dir='ltr'>errabat</span> <span class='ocrx_word' id='word_1_137' title='bbox 909 3112 968 3155; x_wconf 87' lang='lat' dir='ltr'>suo</span> <span class='ocrx_word' id='word_1_138' title='bbox 991 3092 1136 3156; x_wconf 84' lang='lat' dir='ltr'>Auetori.</span> <span class='ocrx_word' id='word_1_139' title='bbox 1182 3092 1271 3156; x_wconf 90' lang='lat' dir='ltr'>Nam</span> 
     </span>
     <span class='ocr_line' id='line_1_19' title="bbox 220 3178 1271 3278; baseline 0.004 -23"><span class='ocrx_word' id='word_1_140' title='bbox 220 3178 314 3255; x_wconf 67' lang='lat' dir='ltr'>casus</span> <span class='ocrx_word' id='word_1_141' title='bbox 336 3195 468 3255; x_wconf 92' lang='lat' dir='ltr'>mutum</span> <span class='ocrx_word' id='word_1_142' title='bbox 491 3212 589 3275; x_wconf 83' lang='lat' dir='ltr'>pecus</span> <span class='ocrx_word' id='word_1_143' title='bbox 611 3213 668 3276; x_wconf 90' lang='lat' dir='ltr'>per</span> <span class='ocrx_word' id='word_1_144' title='bbox 691 3213 860 3257; x_wconf 88' lang='lat' dir='ltr'>nemorosa</span> <span class='ocrx_word' id='word_1_145' title='bbox 881 3197 998 3277; x_wconf 77' lang='lat' dir='ltr'>tesqua</span> <span class='ocrx_word' id='word_1_146' title='bbox 1019 3193 1168 3270; x_wconf 84' lang='lat' dir='ltr'>ducebat,</span> <span class='ocrx_word' id='word_1_147' title='bbox 1183 3195 1271 3278; x_wconf 92' lang='lat' dir='ltr'>quod</span> 
     </span>
     <span class='ocr_line' id='line_1_20' title="bbox 220 3280 1270 3378; baseline 0.004 -23"><span class='ocrx_word' id='word_1_148' title='bbox 220 3291 383 3356; x_wconf 82' lang='lat' dir='ltr'>Dominus</span> <span class='ocrx_word' id='word_1_149' title='bbox 416 3312 517 3368; x_wconf 79' lang='lat' dir='ltr'>rosus,</span> <span class='ocrx_word' id='word_1_150' title='bbox 550 3293 637 3376; x_wconf 89' lang='lat' dir='ltr'>(imo,</span> <span class='ocrx_word' id='word_1_151' title='bbox 669 3293 754 3357; x_wconf 91' lang='lat' dir='ltr'>nihil</span> <span class='ocrx_word' id='word_1_152' title='bbox 791 3280 841 3358; x_wconf 78' lang='lat' dir='ltr'>e’st</span> <span class='ocrx_word' id='word_1_153' title='bbox 874 3295 989 3378; x_wconf 75' lang='lat' dir='ltr'>rasus)</span> <span class='ocrx_word' id='word_1_154' title='bbox 1021 3295 1064 3359; x_wconf 86' lang='lat' dir='ltr'>ad</span> <span class='ocrx_word' id='word_1_155' title='bbox 1093 3301 1174 3360; x_wconf 87' lang='lat' dir='ltr'>vota</span> <span class='ocrx_word' id='word_1_156' title='bbox 1206 3296 1270 3359; x_wconf 87' lang='lat' dir='ltr'>viri</span> 
     </span>
     <span class='ocr_line' id='line_1_21' title="bbox 220 3393 603 3458; baseline 0 -2"><span class='ocrx_word' id='word_1_157' title='bbox 220 3393 396 3458; x_wconf 84' lang='lat' dir='ltr'>nescientis</span> <span class='ocrx_word' id='word_1_158' title='bbox 418 3393 603 3458; x_wconf 87' lang='lat' dir='ltr'>reduoebat.</span> 
     </span>
    </p>
   </div>
   <div class='ocr_carea' id='block_1_4' title="bbox 389 3637 1113 3728">
    <p class='ocr_par' dir='ltr' id='par_1_4' title="bbox 389 3637 1113 3728">
     <span class='ocr_line' id='line_1_22' title="bbox 389 3637 1113 3728; baseline 0.004 -25"><span class='ocrx_word' id='word_1_159' title='bbox 389 3639 470 3725; x_wconf 78' lang='lat'><strong>(25.)</strong></span> <span class='ocrx_word' id='word_1_160' title='bbox 495 3637 543 3705; x_wconf 87' lang='lat' dir='ltr'>De</span> <span class='ocrx_word' id='word_1_161' title='bbox 560 3661 671 3726; x_wconf 75' lang='lat' dir='ltr'>puero</span> <span class='ocrx_word' id='word_1_162' title='bbox 685 3639 767 3726; x_wconf 81' lang='lat' dir='ltr'>filio</span> <span class='ocrx_word' id='word_1_163' title='bbox 789 3639 915 3706; x_wconf 78' lang='lat' dir='ltr'>militis</span> <span class='ocrx_word' id='word_1_164' title='bbox 936 3640 1113 3728; x_wconf 67' lang='lat' dir='ltr'>deepnoto.</span> 
     </span>
    </p>
   </div>
   <div class='ocr_carea' id='block_1_5' title="bbox 217 3800 1440 4277">
    <p class='ocr_par' dir='ltr' id='par_1_5' title="bbox 217 3800 1440 4277">
     <span class='ocr_line' id='line_1_23' title="bbox 264 3800 1417 3887; baseline 0.003 -22"><span class='ocrx_word' id='word_1_165' title='bbox 264 3801 382 3866; x_wconf 86' lang='lat' dir='ltr'>Militis</span> <span class='ocrx_word' id='word_1_166' title='bbox 420 3800 636 3865; x_wconf 86' lang='lat' dir='ltr'>Bononiensis</span> <span class='ocrx_word' id='word_1_167' title='bbox 671 3801 855 3866; x_wconf 82' lang='lat' dir='ltr'>Baldewini</span> <span class='ocrx_word' id='word_1_168' title='bbox 886 3801 974 3865; x_wconf 86' lang='lat' dir='ltr'>filius</span> <span class='ocrx_word' id='word_1_169' title='bbox 1012 3824 1103 3887; x_wconf 90' lang='lat' dir='ltr'>spem</span> <span class='ocrx_word' id='word_1_170' title='bbox 1141 3825 1271 3869; x_wconf 89' lang='lat' dir='ltr'>omnem</span> <span class='ocrx_word' id='word_1_171' title='bbox 1284 3827 1417 3880; x_wconf 72' lang='lat' dir='ltr'>cereola</span> 
     </span>
     <span class='ocr_line' id='line_1_24' title="bbox 219 3895 1440 4012; baseline 0.003 -43"><span class='ocrx_word' id='word_1_172' title='bbox 219 3905 407 3969; x_wconf 88' lang='lat' dir='ltr'>videntium</span> <span class='ocrx_word' id='word_1_173' title='bbox 433 3909 625 3979; x_wconf 84' lang='lat' dir='ltr'>excesserat,</span> <span class='ocrx_word' id='word_1_174' title='bbox 649 3903 841 3968; x_wconf 87' lang='lat' dir='ltr'>infirmitate</span> <span class='ocrx_word' id='word_1_175' title='bbox 864 3925 1041 3968; x_wconf 89' lang='lat' dir='ltr'>mensurna</span> <span class='ocrx_word' id='word_1_176' title='bbox 1071 3905 1269 3972; x_wconf 87' lang='lat' dir='ltr'>debilitatus.</span> <span class='ocrx_word' id='word_1_177' title='bbox 1284 3895 1440 4012; x_wconf 49' lang='lat' dir='ltr'>ffid‘ffinof</span> 
     </span>
     <span class='ocr_line' id='line_1_25' title="bbox 220 4004 1426 4093; baseline 0.006 -21"><span class='ocrx_word' id='word_1_178' title='bbox 220 4006 284 4072; x_wconf 86' lang='lat' dir='ltr'>Sed</span> <span class='ocrx_word' id='word_1_179' title='bbox 314 4027 401 4091; x_wconf 91' lang='lat' dir='ltr'>aqua</span> <span class='ocrx_word' id='word_1_180' title='bbox 423 4004 529 4069; x_wconf 87' lang='lat' dir='ltr'>saneti</span> <span class='ocrx_word' id='word_1_181' title='bbox 552 4004 708 4089; x_wconf 86' lang='lat' dir='ltr'>martyris</span> <span class='ocrx_word' id='word_1_182' title='bbox 730 4010 872 4090; x_wconf 71' lang='lat' dir='ltr'>potatus</span> <span class='ocrx_word' id='word_1_183' title='bbox 896 4010 1055 4090; x_wconf 86' lang='lat' dir='ltr'>tanquam</span> <span class='ocrx_word' id='word_1_184' title='bbox 1085 4007 1126 4071; x_wconf 88' lang='lat' dir='ltr'>de</span> <span class='ocrx_word' id='word_1_185' title='bbox 1155 4010 1270 4074; x_wconf 89' lang='lat' dir='ltr'>mortis</span> <span class='ocrx_word' id='word_1_186' title='bbox 1284 4027 1426 4093; x_wconf 81' lang='lat' dir='ltr'>Boulogne.</span> 
     </span>
     <span class='ocr_line' id='line_1_26' title="bbox 219 4106 1270 4190; baseline 0.003 -18"><span class='ocrx_word' id='word_1_187' title='bbox 219 4106 368 4172; x_wconf 81' lang='lat' dir='ltr'>faucibus</span> <span class='ocrx_word' id='word_1_188' title='bbox 405 4110 544 4190; x_wconf 85' lang='lat' dir='ltr'>ereptus,</span> <span class='ocrx_word' id='word_1_189' title='bbox 583 4106 655 4190; x_wconf 85' lang='lat' dir='ltr'>ipse</span> <span class='ocrx_word' id='word_1_190' title='bbox 693 4106 774 4170; x_wconf 90' lang='lat' dir='ltr'>hora</span> <span class='ocrx_word' id='word_1_191' title='bbox 792 4180 796 4189; x_wconf 30' lang='lat'>¹</span> <span class='ocrx_word' id='word_1_192' title='bbox 811 4106 1034 4171; x_wconf 84' lang='lat' dir='ltr'>circumduxit</span> <span class='ocrx_word' id='word_1_193' title='bbox 1071 4108 1198 4187; x_wconf 84' lang='lat' dir='ltr'>oeulos3</span> <span class='ocrx_word' id='word_1_194' title='bbox 1236 4117 1270 4175; x_wconf 91' lang='lat' dir='ltr'>et</span> 
     </span>
     <span class='ocr_line' id='line_1_27' title="bbox 217 4208 1269 4277; baseline 0.002 -3"><span class='ocrx_word' id='word_1_195' title='bbox 217 4209 362 4274; x_wconf 85' lang='lat' dir='ltr'>residens</span> <span class='ocrx_word' id='word_1_196' title='bbox 397 4208 594 4273; x_wconf 77' lang='lat' dir='ltr'>assidentem</span> <span class='ocrx_word' id='word_1_197' title='bbox 628 4212 768 4272; x_wconf 86' lang='lat' dir='ltr'>matrem</span> <span class='ocrx_word' id='word_1_198' title='bbox 791 4228 884 4272; x_wconf 90' lang='lat' dir='ltr'>suam</span> <span class='ocrx_word' id='word_1_199' title='bbox 906 4208 1042 4273; x_wconf 90' lang='lat' dir='ltr'>induere</span> <span class='ocrx_word' id='word_1_200' title='bbox 1065 4231 1099 4274; x_wconf 90' lang='lat' dir='ltr'>se</span> <span class='ocrx_word' id='word_1_201' title='bbox 1121 4211 1269 4277; x_wconf 87' lang='lat' dir='ltr'>vestibus</span> 
     </span>
    </p>
   </div>
   <div class='ocr_carea' id='block_1_6' title="bbox 220 4309 468 4375">
    <p class='ocr_par' dir='ltr' id='par_1_6' title="bbox 220 4309 468 4375">
     <span class='ocr_line' id='line_1_28' title="bbox 220 4309 468 4375; baseline -0.008 0"><span class='ocrx_word' id='word_1_202' title='bbox 220 4311 287 4375; x_wconf 84' lang='lat' dir='ltr'>su&#39;is</span> <span class='ocrx_word' id='word_1_203' title='bbox 310 4309 468 4374; x_wconf 87' lang='lat' dir='ltr'>exoravit.</span> 
     </span>
    </p>
   </div>
   <div class='ocr_carea' id='block_1_7' title="bbox 285 4550 1208 4639">
    <p class='ocr_par' dir='ltr' id='par_1_7' title="bbox 285 4550 1208 4639">
     <span class='ocr_line' id='line_1_29' title="bbox 285 4550 1208 4639; baseline 0.01 -23"><span class='ocrx_word' id='word_1_204' title='bbox 285 4554 364 4639; x_wconf 78' lang='lat'>(26.)</span> <span class='ocrx_word' id='word_1_205' title='bbox 388 4551 436 4617; x_wconf 85' lang='lat' dir='ltr'>De</span> <span class='ocrx_word' id='word_1_206' title='bbox 454 4573 563 4638; x_wconf 73' lang='lat' dir='ltr'>petere</span> <span class='ocrx_word' id='word_1_207' title='bbox 577 4551 659 4638; x_wconf 79' lang='lat' dir='ltr'>filio</span> <span class='ocrx_word' id='word_1_208' title='bbox 680 4550 806 4618; x_wconf 77' lang='lat' dir='ltr'>mititte</span> <span class='ocrx_word' id='word_1_209' title='bbox 827 4553 944 4619; x_wconf 80' lang='lat' dir='ltr'>statim</span> <span class='ocrx_word' id='word_1_210' title='bbox 966 4556 1208 4625; x_wconf 68' lang='lat' dir='ltr'>emeolmeeote.</span> 
     </span>
    </p>
   </div>
   <div class='ocr_carea' id='block_1_8' title="bbox 263 4712 1419 4804">
    <p class='ocr_par' dir='ltr' id='par_1_8' title="bbox 263 4712 1419 4804">
     <span class='ocr_line' id='line_1_30' title="bbox 263 4712 1419 4804; baseline 0.012 -29"><span class='ocrx_word' id='word_1_211' title='bbox 263 4712 348 4776; x_wconf 92' lang='lat' dir='ltr'>Puer</span> <span class='ocrx_word' id='word_1_212' title='bbox 369 4712 488 4776; x_wconf 87' lang='lat' dir='ltr'>trimus</span> <span class='ocrx_word' id='word_1_213' title='bbox 510 4712 681 4777; x_wconf 60' lang='lat' dir='ltr'>,Iohannes</span> <span class='ocrx_word' id='word_1_214' title='bbox 703 4733 771 4778; x_wconf 90' lang='lat' dir='ltr'>non</span> <span class='ocrx_word' id='word_1_215' title='bbox 792 4714 903 4779; x_wconf 90' lang='lat' dir='ltr'>minus</span> <span class='ocrx_word' id='word_1_216' title='bbox 925 4718 1038 4782; x_wconf 88' lang='lat' dir='ltr'>morbo</span> <span class='ocrx_word' id='word_1_217' title='bbox 1059 4721 1268 4804; x_wconf 82' lang='lat' dir='ltr'>gravabatur,</span> <span class='ocrx_word' id='word_1_218' title='bbox 1282 4736 1363 4798; x_wconf 85' lang='lat' dir='ltr'>John,</span> <span class='ocrx_word' id='word_1_219' title='bbox 1372 4752 1419 4790; x_wconf 81' lang='lat' dir='ltr'>ron</span> 
     </span>
    </p>
   </div>
   <div class='ocr_carea' id='block_1_9' title="bbox 218 4802 1423 4921">
    <p class='ocr_par' dir='ltr' id='par_1_9' title="bbox 218 4802 1423 4921">
     <span class='ocr_line' id='line_1_31' title="bbox 218 4802 1423 4921; baseline 0.013 -43"><span class='ocrx_word' id='word_1_220' title='bbox 218 4813 272 4878; x_wconf 88' lang='lat' dir='ltr'>eui</span> <span class='ocrx_word' id='word_1_221' title='bbox 295 4834 368 4877; x_wconf 88' lang='lat' dir='ltr'>eum</span> <span class='ocrx_word' id='word_1_222' title='bbox 400 4834 487 4879; x_wconf 91' lang='lat' dir='ltr'>mors</span> <span class='ocrx_word' id='word_1_223' title='bbox 519 4813 694 4878; x_wconf 89' lang='lat' dir='ltr'>imminens</span> <span class='ocrx_word' id='word_1_224' title='bbox 728 4820 763 4879; x_wconf 84' lang='lat' dir='ltr'>ot</span> <span class='ocrx_word' id='word_1_225' title='bbox 793 4815 995 4882; x_wconf 79' lang='lat' dir='ltr'>inevitabilis</span> <span class='ocrx_word' id='word_1_226' title='bbox 1029 4821 1268 4904; x_wconf 68' lang='lat' dir='ltr'>prediceretur,</span> <span class='ocrx_word' id='word_1_227' title='bbox 1282 4802 1423 4921; x_wconf 50' lang='lat' dir='ltr'>gssfflg</span> 
     </span>
    </p>
   </div>
   <div class='ocr_carea' id='block_1_10' title="bbox 217 4912 1403 5000">
    <p class='ocr_par' dir='ltr' id='par_1_10' title="bbox 217 4912 1403 5000">
     <span class='ocr_line' id='line_1_32' title="bbox 217 4912 1403 5000; baseline 0.006 -21"><span class='ocrx_word' id='word_1_228' title='bbox 217 4920 313 5000; x_wconf 85' lang='lat' dir='ltr'>pater</span> <span class='ocrx_word' id='word_1_229' title='bbox 346 4912 423 4997; x_wconf 86' lang='lat' dir='ltr'>ejus,</span> <span class='ocrx_word' id='word_1_230' title='bbox 455 4914 618 4979; x_wconf 85' lang='lat' dir='ltr'>Radulfus</span> <span class='ocrx_word' id='word_1_231' title='bbox 648 4915 788 4993; x_wconf 91' lang='lat' dir='ltr'>nomine,</span> <span class='ocrx_word' id='word_1_232' title='bbox 821 4938 839 4981; x_wconf 87' lang='lat' dir='ltr'>e</span> <span class='ocrx_word' id='word_1_233' title='bbox 874 4919 948 4982; x_wconf 88' lang='lat' dir='ltr'>vieo</span> <span class='ocrx_word' id='word_1_234' title='bbox 980 4919 1139 4999; x_wconf 82' lang='lat' dir='ltr'>Seleham,</span> <span class='ocrx_word' id='word_1_235' title='bbox 1165 4925 1269 4990; x_wconf 89' lang='lat' dir='ltr'>“Non</span> <span class='ocrx_word' id='word_1_236' title='bbox 1282 4934 1403 4999; x_wconf 71' lang='lat' dir='ltr'>(Suum)</span> 
     </span>
    </p>
   </div>
   <div class='ocr_carea' id='block_1_11' title="bbox 219 4999 1359 5117">
    <p class='ocr_par' dir='ltr' id='par_1_11' title="bbox 219 4999 1359 5117">
     <span class='ocr_line' id='line_1_33' title="bbox 219 4999 1359 5117; baseline 0.004 -40"><span class='ocrx_word' id='word_1_237' title='bbox 219 5024 235 5049; x_wconf 91' lang='lat'>“</span> <span class='ocrx_word' id='word_1_238' title='bbox 257 5013 440 5090; x_wconf 86' lang='lat' dir='ltr'>morietur,”</span> <span class='ocrx_word' id='word_1_239' title='bbox 455 5013 512 5090; x_wconf 91' lang='lat' dir='ltr'>ait,</span> <span class='ocrx_word' id='word_1_240' title='bbox 536 5013 632 5078; x_wconf 88' lang='lat' dir='ltr'>“Deo</span> <span class='ocrx_word' id='word_1_241' title='bbox 655 5015 804 5100; x_wconf 86' lang='lat' dir='ltr'>propitio.</span> <span class='ocrx_word' id='word_1_242' title='bbox 849 5017 957 5092; x_wconf 84' lang='lat' dir='ltr'>Salva,</span> <span class='ocrx_word' id='word_1_243' title='bbox 981 5020 1119 5098; x_wconf 86' lang='lat' dir='ltr'>obseoro,</span> <span class='ocrx_word' id='word_1_244' title='bbox 1142 5030 1269 5110; x_wconf 81' lang='lat' dir='ltr'>martyr</span> <span class='ocrx_word' id='word_1_245' title='bbox 1279 4999 1359 5117; x_wconf 54' lang='lat' dir='ltr'><strong>m</strong></span> 
     </span>
    </p>
   </div>
   <div class='ocr_carea' id='block_1_12' title="bbox 218 5115 1267 5205">
    <p class='ocr_par' dir='ltr' id='par_1_12' title="bbox 218 5115 1267 5205">
     <span class='ocr_line' id='line_1_34' title="bbox 218 5115 1267 5205; baseline 0.012 -26"><span class='ocrx_word' id='word_1_246' title='bbox 218 5125 235 5151; x_wconf 89' lang='lat'><strong>“</strong></span> <span class='ocrx_word' id='word_1_247' title='bbox 258 5115 394 5201; x_wconf 80' lang='lat' dir='ltr'>egregie,</span> <span class='ocrx_word' id='word_1_248' title='bbox 420 5137 518 5200; x_wconf 90' lang='lat' dir='ltr'>quem</span> <span class='ocrx_word' id='word_1_249' title='bbox 541 5115 605 5181; x_wconf 92' lang='lat' dir='ltr'>tibi</span> <span class='ocrx_word' id='word_1_250' title='bbox 631 5116 786 5194; x_wconf 87' lang='lat' dir='ltr'>devoveo,</span> <span class='ocrx_word' id='word_1_251' title='bbox 810 5139 907 5202; x_wconf 93' lang='lat' dir='ltr'>quem</span> <span class='ocrx_word' id='word_1_252' title='bbox 934 5122 1091 5205; x_wconf 87' lang='lat' dir='ltr'>promitto</span> <span class='ocrx_word' id='word_1_253' title='bbox 1115 5124 1187 5191; x_wconf 89' lang='lat' dir='ltr'>vita</span> <span class='ocrx_word' id='word_1_254' title='bbox 1216 5149 1267 5192; x_wconf 89' lang='lat' dir='ltr'>eo-</span> 
     </span>
    </p>
   </div>
   <div class='ocr_carea' id='block_1_13' title="bbox 0 0 1663 6240">
    <p class='ocr_par' dir='ltr' id='par_1_13' title="bbox 0 0 1663 6240">
     <span class='ocr_line' id='line_1_35' title="bbox 0 0 1663 6240; baseline 0 0"><span class='ocrx_word' id='word_1_255' title='bbox 0 0 1663 6240; x_wconf 95' lang='lat' dir='ltr'> </span> 
     </span>
    </p>
   </div>
  </div>
 </body>
</html>
