3308 5640
384 788 451 852 412
719 805 898 854 ursacius
922 810 946 853 s.
971 806 1108 867 raons,
1290 792 1368 874 [ara.
1386 807 1433 860 v1.

212 974 327 1093 “illgepl·
382 980 523 1044 “frater
553 981 676 1057 Petrus,
701 981 817 1060 dictus,
841 982 993 1066 quamvis
1020 981 1183 1065 indignus,
1207 981 1306 1045 abbas
1341 980 1433 1045 Joia·

211 1057 318 1171 iam!
380 1088 396 1115 “
420 1081 533 1161 censis,
557 1082 592 1146 in
616 1082 758 1148 Domino
781 1084 928 1147 salutem.

210 1175 330 1290 32⁰²&
425 1183 591 1247 “Persona
606 1206 680 1267 quae
701 1184 832 1268 scripsit
854 1185 941 1248 beati
961 1183 1094 1248 Thomas
1118 1184 1317 1268 stupendum
1333 1185 1432 1250 mira·

264 1256 289 1305 γ’
377 1295 393 1320 “
416 1285 534 1361 culum,
551 1285 638 1369 quod
662 1285 697 1348 in
720 1285 791 1370 ejus
807 1286 908 1350 oculis
931 1294 965 1350 et
987 1286 1163 1371 praescntia
1183 1290 1310 1370 gestum
1331 1285 1432 1351 fuisse

377 1390 514 1450 “nemo
552 1386 691 1462 dubitet,
726 1386 811 1450 sicut
849 1387 1003 1471 praesenti
1044 1385 1200 1450 schedula
1233 1386 1430 1464 continetur,

377 1495 393 1521 “
418 1509 543 1573 magnis
570 1487 736 1572 religionis
759 1493 793 1552 et
816 1488 979 1573 opinionis
1009 1487 1150 1552 habetur
1183 1488 1271 1572 apud
1303 1509 1371 1562 nos,
1396 1494 1431 1553 et

375 1596 393 1623 “
415 1589 510 1652 nobis
532 1610 674 1673 eousque
697 1590 876 1666 notissima,
893 1594 932 1653 ut
954 1589 1143 1653 nullatenus
1167 1610 1237 1654 eam
1258 1589 1430 1653 credamus

376 1689 558 1755 “scienter
595 1691 659 1753 nisi
698 1712 777 1755 vera
814 1691 953 1755 scribere
995 1691 1047 1754 vel
1086 1712 1227 1754 asserere
1271 1691 1427 1776 potuisse.

376 1790 504 1870 “Quia
526 1812 604 1856 vero
631 1790 775 1876 sigillum
799 1792 966 1877 proprium
998 1813 1063 1855 non
1086 1791 1237 1867 habebat,
1262 1814 1320 1876 per
1353 1813 1428 1856 nos-

375 1902 391 1929 “
414 1899 512 1972 trum,
537 1895 616 1978 quia
633 1894 734 1979 juxta
755 1916 814 1958 nos
835 1900 893 1967 est,
917 1893 1095 1958 veridicam
1119 1894 1309 1958 relationem
1332 1915 1427 1958 suam

375 1994 522 2059 “voluit
555 2000 590 2059 et
627 1995 725 2079 petiit
762 1995 954 2059 confirmari.
1016 1993 1112 2073 Quod
1150 2000 1260 2059 autem
1296 1996 1427 2061 dovotae

374 2096 568 2181 “petitioni
603 2096 673 2181 ejus
711 2117 877 2160 assensum
911 2097 1121 2181 praebuimus,
1156 2102 1426 2182 praesumptuosae

374 2197 593 2263 “temeritati
635 2197 772 2262 forsitan
808 2198 851 2262 ab
884 2198 995 2281 aliquo
1036 2199 1256 2283 deputabitur.
1318 2199 1425 2264 Nobis

373 2306 391 2333 “
415 2304 527 2364 tamen
558 2299 823 2385 presumptionis
845 2303 958 2364 notam
991 2320 1089 2382 quam
1112 2299 1244 2383 gloriosi
1267 2300 1425 2384 martyris

373 2407 390 2435 “
413 2400 592 2465 offensaml
631 2400 793 2465 incurrere
824 2399 920 2485 longe
951 2400 1057 2464 tutius
1088 2401 1196 2463 visum
1231 2405 1282 2465 est
1294 2425 1301 2479 3
1335 2402 1424 2485 quod

372 2511 389 2537 “
411 2502 495 2567 forte
521 2502 734 2587 contingeret,
757 2502 785 2565 si
808 2501 955 2586 parvitas
986 2509 1099 2566 nostra
1120 2501 1232 2587 gloriae
1255 2502 1325 2586 ejus
1349 2508 1423 2567 tan-

373 2612 389 2637 “
413 2602 521 2667 tulum
544 2622 612 2668 sure
635 2602 805 2666 servitutis
828 2601 1019 2685 obsequium
1044 2602 1246 2687 denegaret.”

696 2887 754 2972 (5.)
779 2884 866 2950 Alia
888 2883 1108 2969 confirmatio.

201 3030 321 3083 Thelike
415 3043 432 3071 “
456 3036 635 3112 Carissimo
656 3037 743 3121 patri
767 3041 801 3101 et
824 3035 956 3099 domino
978 3034 1158 3099 venerabili
1181 3035 1281 3120 priori
1304 3037 1420 3120 primae

200 3097 356 3214 ¹³3?me
369 3146 389 3176 “
412 3138 498 3203 sodis
528 3139 720 3225 Anglorum,
744 3138 874 3202 Sanctae
901 3136 1073 3200 Trinitatis
1097 3137 1295 3213 (lautianm,
1319 3139 1421 3204 frater

199 3177 354 3348 {2⁰2}ssae
369 3249 386 3275 “
409 3241 551 3325 Haymo,
576 3241 664 3325 prior
687 3241 795 3305 dictus
818 3240 858 3302 de
882 3238 1029 3313 Radolio,
1047 3238 1083 3301 in
1105 3238 1248 3303 Domino
1270 3239 1418 3304 salutem.

201 3360 341 3412 orum
411 3341 581 3406 “Persona
612 3363 685 3426 quae
716 3341 804 3405 beati
827 3339 961 3403 Thomas
996 3339 1225 3404 miraculorum
1250 3341 1419 3424 [seriem]²

367 3444 540 3527 “proprio
578 3463 725 3505 sermone
763 3441 925 3515 disseruit,
964 3440 1146 3505 Rainaldus
1183 3441 1222 3504 de
1260 3441 1415 3525 Stampis,

368 3549 386 3578 “
410 3544 496 3608 sicut
518 3544 560 3607 ab
586 3543 704 3607 abbate
727 3541 899 3617 Joiacensi,
923 3541 1013 3605 sica
1034 3542 1135 3618 nobis,
1159 3542 1304 3627 quinon
1330 3543 1416 3605 mul-

365 3654 383 3681 “
408 3650 479 3709 tum
503 3645 616 3730 procul
639 3644 682 3708 ab
704 3644 775 3728 ipso
799 3663 970 3719 moramur,
994 3642 1057 3707 sibi
1080 3642 1158 3707 feni
1190 3643 1415 3709 testimonium

367 3745 596 3830 “postulavit
655 3744 725 3809 Nos
763 3743 874 3829 igit-ur,
914 3743 971 3826 qui
1010 3765 1083 3807 eum
1118 3743 1161 3807 ab
1198 3744 1417 3811 adolescentia

367 3853 384 3881 “
407 3848 490 3911 bene
521 3847 681 3922 novimus,
707 3845 827 3930 quippe
859 3845 945 3909 sicut
975 3844 1225 3928 compatriotam
1257 3850 1415 3923 nostrum,

366 3958 382 3983 “
405 3948 490 4013 sicut
505 3947 673 4012 nobiscum
697 3946 732 4009 in
747 3944 944 4009 monasterio
967 3949 1204 4020 conversatum,
1219 3944 1416 4010 fiducialiter

365 4053 565 4113 “testamur
597 4047 703 4132 ipsum
735 4045 871 4109 virtutis
895 4065 962 4108 esse
995 4043 1112 4120 virum,
1142 4050 1308 4129 tantaeque
1339 4045 1414 4108 reli-

363 4158 380 4183 '‘
402 4149 509 4235 gionis
531 4154 570 4213 ut
599 4170 667 4213 rem
693 4147 792 4212 talem
815 4145 1004 4210 nullatenus
1034 4151 1190 4210 assereret
1212 4145 1276 4209 nisi
1302 4167 1415 4210 veram

365 4261 380 4285 ‘⁸
404 4272 472 4316 esse
502 4256 642 4335 putaret.
698 4247 797 4313 Unde
829 4251 863 4310 et
889 4267 948 4312 nos
982 4246 1146 4331 intrepide
1184 4246 1304 4311 litteris
1342 4248 1414 4332 ejus

364 4352 626 4418 “subnectimus
659 4349 803 4434 sigillum
842 4347 983 4414 ecclesiae
1005 4348 1059 4413 cui
1082 4347 1160 4413 licet
1185 4348 1314 4434 indigni
1330 4372 1413 4434 pre-

394 4680 402 4712 ¹
423 4687 554 4735 orimum,
564 4676 622 4727 MS.
884 4671 888 4738 Ι
935 4669 946 4701 ²
963 4671 1075 4722 Written
1088 4673 1114 4721 in
1125 4673 1224 4737 margin
1237 4672 1267 4723 of
1280 4673 1336 4724 MS.
