3316 6240
376 794 442 862 470
708 810 889 859 sirmeum
912 811 936 857 s.
960 811 1098 869 mona,
1285 796 1363 879 [am.
1381 813 1427 861 rr.

208 1018 315 1079 oxford,
377 997 485 1062 vicina
508 999 627 1085 partui,
652 998 709 1062 sed
734 999 872 1063 vicinior
895 998 1002 1074 morti,
1028 1005 1066 1062 ut
1089 997 1129 1061 de
1154 998 1225 1062 vita
1249 997 1321 1081 ejus
1343 996 1429 1061 nihil

206 1085 336 1201 {imm
376 1099 508 1163 omnino
531 1105 723 1184 speraretur.
772 1100 859 1165 Nam
884 1101 1031 1163 nondum
1056 1107 1127 1163 erat
1159 1101 1230 1183 ejus
1254 1099 1365 1163 estatis
1388 1104 1428 1163 ut

208 1219 305 1295 1111111
315 1216 346 1266 of
377 1208 483 1266 mater
504 1202 576 1266 lieri
600 1202 740 1266 deberet.
787 1202 885 1266 Unde
901 1203 953 1265 vir
977 1202 1006 1266 ei
1031 1202 1241 1286 compatione,
1265 1201 1429 1286 praecipue

209 1282 357 1333 childbirth.
377 1304 465 1387 quod
503 1304 745 1388 intempestiue
797 1304 1018 1388 conceptionis
1066 1302 1210 1387 pericula
1249 1308 1426 1387 pateretur,

379 1404 460 1469 collo
483 1405 554 1488 ejus
577 1406 731 1489 reliquias
758 1407 913 1489 martyris
939 1405 1108 1491 appendit,
1132 1410 1166 1468 et
1190 1404 1224 1466 in
1252 1405 1320 1467 ietn
1343 1404 1428 1467 oculi

380 1510 462 1572 duos
478 1510 514 1573 in
529 1532 595 1573 uno
611 1510 743 1574 homine
766 1511 994 1587 consera’avit3
1017 1532 1094 1574 nam
1112 1531 1273 1594 puerpera
1289 1530 1428 1593 puerum

379 1610 495 1675 edidit.

405 1858 483 1944 (71.)
508 1859 555 1923 De
569 1857 654 1944 filio
676 1860 853 1925 sacerdotis
867 1861 1035 1946 fistuloso,
1059 1883 1141 1947 quea,
1162 1867 1343 1947 posto-raom
1366 1866 1414 1923 ler

466 1965 566 2051 petiit
589 1966 741 2031 tenebam
763 1967 871 2032 seneli
897 1968 1035 2044 Tlromee,
1060 1968 1183 2033 811111111-
1205 1966 1338 2032 orreruil.

212 2131 370 2197 1111111181-
427 2123 529 2187 astiti
577 2124 672 2187 nobis
704 2125 757 2188 vir
787 2127 974 2191 veneranda
1004 2126 1133 2202 canitie,
1167 2124 1349 2189 Willelmus
1371 2143 1429 2185 no-

211 2198 334 2326 }ssssffim'
381 2222 478 2298 mine,
502 2228 627 2287 testans
650 2226 737 2308 quod
761 2225 795 2288 in
812 2226 881 2290 filia
903 2249 971 2303 sua,
987 2249 1085 2311 quam
1101 2226 1287 2300 exhibebat,
1304 2228 1430 2306 martyr

214 2329 330 2394 priuatos
381 2330 535 2408 operatus
557 2326 672 2390 suerat.
720 2327 866 2406 Quorum
894 2329 1082 2392 testimonio
1108 2336 1194 2392 stare
1218 2325 1428 2397 decrevimus,

212 2398 331 2511 {iffi}
382 2426 470 2509 quod
492 2427 589 2491 ambo
616 2428 778 2513 peregrini
813 2436 929 2507 essent,
961 2430 1048 2514 quod
1080 2429 1138 2493 illa
1169 2451 1276 2493 rerum
1309 2426 1430 2490 indicia

212 2529 351 2643 glesrrpflriss
382 2528 548 2611 proferret,
572 2528 626 2592 ille
650 2530 833 2614 presbyteri
860 2553 979 2594 nomen
1010 2531 1153 2607 liaberet,
1177 2537 1212 2594 et
1242 2534 1329 2594 certo
1359 2527 1429 2591 loeo

286 2606 360 2644 ‘⁰³⁵²'
381 2651 479 2713 quem
503 2630 684 2694 Burtonam
700 2641 820 2697 vocant
835 2634 1082 2717 presbyteratus
1098 2633 1239 2697 officium
1256 2634 1428 2694 exerceret.

380 2731 499 2795 Mulier
532 2730 603 2797 haee
634 2733 746 2798 fistula
784 2734 990 2799 laboraverat
1030 2735 1175 2818 quinquo
1215 2732 1311 2796 annis
1351 2736 1429 2794 ante

379 2832 562 2917 passionem
578 2835 741 2918 martyris,
765 2856 839 2919 qme
854 2835 990 2900 alteram
1007 2835 1204 2921 papillarum
1227 2839 1332 2897 totam
1355 2852 1428 2895 cum

379 2939 473 3017 parte
496 2936 635 3018 pectoris
658 2942 882 3020 occupaverat,
906 2942 940 3001 et
962 2959 1020 3001 sex
1043 2936 1257 3001 foraminibus
1281 2954 1429 2998 excurre·

381 3036 447 3099 bat.
485 3036 561 3099 Non
578 3038 607 3101 ei
631 3042 725 3102 tanto
742 3038 777 3101 in
792 3044 938 3122 tempore
954 3060 1027 3123 spes
1043 3039 1195 3103 sanitatis
1210 3034 1429 3121 adipiscendae

381 3143 583 3222 provenerat,
607 3139 686 3222 quia
710 3139 780 3203 sine
808 3142 925 3206 effectu
950 3141 1092 3205 medicos
1122 3145 1328 3215 convenerat,
1356 3158 1428 3200 nec-

380 3239 459 3303 dum
483 3240 553 3303 veri
577 3240 693 3304 medici
718 3263 837 3306 nomen
861 3242 896 3306 in
926 3243 1003 3306 orbe
1035 3241 1204 3307 claruerat.
1251 3241 1428 3323 Postquam

380 3347 491 3405 autem
514 3341 719 3405 terebinthus
750 3363 838 3407 nova
869 3343 972 3427 spinis
1004 3336 1151 3408 eonl'ossa
1173 3342 1313 3406 resinam
1337 3363 1429 3404 suam

382 3442 541 3506 distillare
564 3442 666 3527 coepit
698 3443 733 3505 in
767 3443 945 3508 medicinas
976 3444 1217 3529 aegrotantium,
1249 3465 1305 3527 spe
1343 3442 1429 3506 sani·

381 3546 461 3610 tatis
499 3545 641 3610 adducta
678 3547 783 3612 locum
822 3548 974 3612 sanitatis
1017 3549 1131 3612 adivit.
1179 3548 1261 3610 Inde
1296 3548 1428 3611 donnnn

382 3669 518 3725 reversa,
544 3669 656 3711 rursus
686 3670 723 3714 eo
756 3650 933 3734 repedavit,
958 3657 992 3714 et
1022 3672 1062 3714 ex
1094 3656 1188 3735 parte
1219 3649 1323 3713 euran'
1357 3672 1428 3733 pro-

382 3749 509 3813 meruit.
556 3748 667 3813 Tertia
704 3754 815 3814 antem
854 3751 1114 3836 peregrinatione
1152 3751 1327 3815 sanitatem
1366 3751 1429 3812 sibi

382 3853 514 3938 penitus
537 3851 736 3937 impetravit.

407 4108 486 4192 (72.)
512 4106 558 4172 De
582 4129 617 4171 eo
640 4107 702 4192 qni
725 4129 747 4170 o
771 4106 861 4172 teoto
887 4108 1021 4184 Thomu,
1045 4131 1143 4194 qoem
1167 4107 1412 4194 blasphemavit,

704 4216 849 4274 err-reolus
870 4217 914 4275 est
937 4233 960 4273 o
975 4211 1106 4295 stando.

210 4380 317 4442 Geram,
427 4369 508 4434 Ecce
532 4368 652 4433 iterum
683 4367 847 4431 Gerardus
878 4367 979 4441 adest,
1011 4367 1118 4431 denno
1149 4367 1230 4431 milri
1263 4368 1428 4432 vocandus

209 4448 307 4581 {25⁰3
381 4472 563 4557 adportes.
612 4469 773 4549 Quicum
805 4490 915 4533 curam
946 4468 1065 4533 fistule.
1097 4471 1222 4554 pridem
1257 4470 1427 4555 reperisset

209 4583 274 4666 been
287 4585 364 4633 enred
381 4575 470 4659 apud
493 4580 679 4657 martyrem,
703 4579 737 4636 et
759 4594 848 4636 nune
869 4594 890 4637 a
913 4579 1057 4657 martyre
1074 4573 1201 4637 rediens
1217 4572 1298 4636 mari
1323 4579 1428 4636 trans-

210 4648 328 4772 m„
381 4675 480 4739 misso
504 4674 539 4737 in
563 4673 735 4738 Flandrias
758 4674 937 4760 repedaret,
960 4674 1107 4759 graviter
1129 4674 1242 4739 vexari
1266 4675 1368 4758 eoepit
1392 4695 1430 4737 ea
