3316 6240
487 762 552 825 524
819 776 999 827 unacum
1021 777 1048 828 s.
1068 776 1206 837 rusus,
1398 758 1482 845 [mn
1498 774 1552 823 rr.
1627 780 1632 789 ·

318 976 433 1025 mtored
483 961 595 1047 aliquo
617 960 658 1025 de
680 960 753 1027 vita
783 962 958 1049 superstite
988 960 1072 1027 nihil
1103 961 1303 1027 enuntiaret.
1362 961 1453 1027 Aliis
1475 962 1547 1029 elie

319 1039 393 1089 '¹¹⁸⁰
404 1054 520 1157 ffiet
542 1062 607 1127 elia
629 1063 856 1140 sentientibus,
879 1068 1008 1149 martyr
1032 1064 1125 1129 litem
1149 1063 1289 1128 diremit.
1350 1062 1544 1130 Nemeum

317 1106 397 1221 mr
486 1167 549 1232 sibi
572 1166 796 1245 devoveretur,
820 1167 895 1234 ilico
925 1174 1077 1234 revocato
1099 1167 1219 1253 spiritu
1242 1173 1371 1233 motum
1395 1169 1544 1255 eorporis

487 1269 655 1337 excitavit.

522 1532 624 1615 (140.)
648 1529 694 1595 De
708 1529 789 1614 filio
811 1528 936 1594 nobilis
959 1527 1159 1614 Asplipeooe
1180 1528 1337 1595 erutus
1358 1536 1504 1597 nwrtuo.

319 1711 375 1765 The
388 1713 478 1765 sonos
531 1707 548 1732 “
563 1696 684 1775 Seribe,
707 1719 832 1774 manus,
857 1696 1028 1763 Mabiliam
1059 1697 1229 1763 mulierem
1259 1698 1484 1785 Angligenam
1507 1706 1543 1765 et

318 1780 504 1911 fflffiyf
525 1799 677 1875 nobilem,
700 1798 806 1862 filium
837 1819 933 1862 suum
964 1797 1221 1885 primogenitum
1251 1799 1287 1862 in
1317 1798 1427 1865 einero
1453 1820 1542 1865 mor-

319 1910 413 1963 eeidto
486 1911 503 1937 ‘⁸
526 1907 623 1966 tuum
653 1900 847 1985 deposuisse,
871 1900 928 1963 sed
959 1920 1057 1984 super
1088 1920 1209 1983 aquam
1241 1900 1398 1984 martyris
1420 1901 1541 1965 vivum

319 1976 460 2095 ssss'ssffin
486 2010 503 2039 “
526 2000 709 2086 reeepissa”
756 2007 772 2033 ‘¹
785 1999 864 2063 Non
889 1997 965 2075 est,’'
987 1998 1045 2075 ait,
1070 2007 1086 2032 “
1095 1998 1302 2064 scribendum
1332 1999 1417 2063 mihi
1448 2000 1542 2085 quie·

320 2108 412 2161 alife.
487 2112 503 2139 “
526 2102 682 2189 quamde
704 2101 798 2186 eujus
820 2100 962 2165 veritate
991 2119 1060 2164 non
1090 2100 1247 2165 eonstat''
1304 2108 1321 2135 “
1336 2100 1540 2179 Mulierem,”

487 2204 598 2289 inquit
620 2202 771 2278 seribens,
805 2210 823 2236 ‘¹
834 2200 1032 2277 audivimus,
1055 2207 1090 2265 et
1121 2201 1209 2266 sieut
1246 2202 1359 2267 decuit
1391 2200 1540 2267 nobilem

486 2313 504 2339 ‘¹
526 2303 797 2379 examinavimus,
829 2306 864 2367 et
900 2322 1096 2387 praesumere
1128 2323 1301 2387 possumus
1331 2302 1373 2367 de
1395 2303 1541 2369 veritate

487 2404 696 2470 “relationis
725 2425 768 2468 ex
796 2402 1060 2489 peregrinatione
1093 2409 1128 2467 et
1157 2402 1333 2467 devotione
1355 2402 1539 2469 referentis

486 2515 504 2542 “
526 2506 615 2571 Nam
630 2505 782 2591 quamvis
797 2524 872 2569 rara
893 2504 975 2568 fides
991 2508 1041 2568 est
1056 2503 1135 2588 quia
1149 2503 1248 2567 multi
1264 2502 1371 2568 multa
1396 2503 1540 2590 loquun-

487 2616 504 2643 “
526 2613 589 2683 tur,
613 2612 725 2671 tamen
747 2606 834 2670 sieut
866 2604 1032 2671 mendieos
1054 2606 1234 2682 mendaeee,
1259 2606 1307 2672 sio
1328 2605 1457 2671 nobiles
1480 2606 1540 2692 qui

487 2718 504 2744 “
535 2709 599 2773 sibi
622 2707 771 2773 divinam
794 2707 1062 2793 propitiationem
1093 2707 1331 2804 peregrinando
1359 2707 1542 2774 conciliant

487 2819 505 2846 “
528 2809 663 2875 minime
684 2807 903 2894 conjicimus.''

503 3084 605 3170 (141.)
630 3083 677 3149 De
699 3080 840 3149 modim
863 3102 937 3168 quse
960 3080 1079 3167 laqueo
1102 3079 1169 3146 eibi
1190 3078 1298 3146 situm
1319 3086 1507 3149 extorserat.

310 3236 347 3314 'A
358 3278 457 3316 women
531 3251 630 3316 Dixit
663 3250 746 3314 mihi
775 3250 828 3313 vir
850 3249 970 3333 aliquis
1008 3248 1049 3313 de
1083 3268 1186 3312 uxore
1214 3267 1274 3312 sua
1305 3247 1385 3332 quia
1417 3248 1540 3333 laqueo

319 3330 441 3462 ffiggd
486 3353 550 3417 sibi
572 3353 680 3417 vitam
714 3352 912 3416 extorsisset
959 3349 1115 3414 Fraenum
1150 3347 1329 3413 exhibebat
1351 3348 1441 3433 quod
1463 3348 1540 3415 fau.

322 3461 446 3513 tenuis
486 3453 579 3520 eibus
601 3454 669 3517 suis
691 3456 884 3537 aptaverat3
914 3451 971 3515 sed
994 3450 1074 3534 quia
1096 3449 1214 3513 vicinis
1238 3456 1273 3514 et
1294 3448 1540 3519 eontribulibus

317 3528 449 3658 sstss'n
486 3553 555 3619 suis
588 3552 672 3616 illud
695 3551 840 3617 habebat
877 3550 1119 3626 absconditum,
1141 3572 1183 3615 ne
1216 3549 1463 3616 confundantur
1494 3572 1539 3617 ex

317 3658 443 3721 husband,
486 3654 642 3739 martyris
680 3652 881 3730 visitatione,
905 3652 982 3717 nolo
1012 3652 1258 3737 turpitudinem
1286 3651 1358 3735 ejus
1380 3652 1538 3719 revelare.

317 3727 445 3843 ¹⁸²aeoess
487 3756 583 3836 Quod
620 3755 706 3833 feeit,
738 3755 774 3819 in
811 3776 930 3842 genere
975 3775 1129 3840 propono.
1193 3753 1275 3833 Quae
1313 3753 1401 3829 feeit,
1439 3754 1539 3821 salvo

321 3857 373 3907 life.
486 3858 610 3946 pudore
633 3858 695 3922 sub
716 3857 821 3923 lodice
844 3856 1002 3941 relinquo.
1038 3854 1107 3920 Cur
1121 3854 1242 3931 feeerit,
1266 3876 1399 3920 eausam
1421 3855 1539 3922 disbo-

485 3961 582 4027 lieam
617 3959 857 4045 suggestionem
889 3962 978 4044 putu.
1024 3956 1094 4021 Ubi
1116 3955 1201 4032 fecit,
1224 3977 1266 4020 ne
1289 3955 1374 4018 nihil
1397 3955 1539 4036 dicatur,

487 4063 523 4126 in
554 4062 686 4125 mundo.
733 4059 873 4139 Quando
904 4058 990 4135 feeit,
1014 4057 1137 4133 audivi,
1161 4057 1218 4121 sed
1249 4056 1438 4121 memoriter
1468 4079 1540 4125 non

486 4169 589 4229 teneo.
635 4162 667 4225 A
697 4161 814 4245 laqueo
845 4159 984 4225 liberata
1005 4164 1056 4223 est
1087 4180 1145 4244 per
1167 4158 1284 4234 virum,
1307 4180 1328 4223 a
1350 4164 1454 4225 morte
1478 4182 1541 4247 per

487 4271 687 4351 martyrem;
708 4263 764 4329 hie
778 4263 814 4327 in
837 4267 924 4339 vote,
948 4261 1016 4327 illie
1038 4261 1073 4325 in
1097 4260 1189 4325 ferro.
