3316 6240
422 749 486 812 522
755 762 935 812 muscum
957 763 984 815 s.
1005 763 1141 824 raons,
1331 749 1415 832 [am.
1432 764 1484 815 vn

420 949 491 1013 vivi
513 954 548 1013 et
570 949 761 1025 sacerdotes,
784 949 911 1035 etipse
933 949 1021 1014 idem
1045 950 1103 1034 qui
1125 949 1197 1015 haec
1219 949 1331 1014 omnia
1353 949 1391 1012 in
1415 968 1481 1013 suo

419 1050 557 1137 pertulit
579 1071 720 1135 corpore.

447 1242 548 1330 (136.)
573 1243 620 1308 Da
638 1242 757 1329 puella
780 1264 853 1328 qaue
875 1241 992 1308 cecidit
1014 1243 1057 1307 in
1075 1250 1220 1330 pateant
1242 1241 1448 1309 altitudinis

634 1341 761 1428 statua·
778 1343 906 1429 pedm
929 1344 970 1408 ab
993 1366 1086 1430 aqua
1108 1366 1252 1410 sarsana.

254 1480 396 1557 nemum
464 1463 549 1540 Nolo
573 1499 646 1560 quae
669 1476 825 1541 miraculo
856 1477 1101 1562 peregrinantes
1132 1478 1307 1551 ascribunt
1331 1481 1366 1540 et
1389 1496 1475 1561 quo-

250 1545 380 1674 ssfffiupgx'
418 1601 491 1642 rum
522 1580 630 1663 gratia
659 1578 917 1663 peregrinantur,
941 1579 1028 1642 inter
1058 1578 1217 1643 miracula
1246 1598 1313 1642 non
1335 1598 1474 1662 compu-

248 1679 368 1792 ritswrfeil
418 1684 496 1755 tare,
519 1678 574 1743 vol
596 1678 637 1742 do
660 1678 706 1741 eis
730 1700 810 1763 quos
833 1684 868 1743 at
898 1679 1055 1743 viderunt
1085 1680 1258 1744 decessisse
1280 1679 1316 1741 in
1340 1683 1473 1743 contra-

247 1757 387 1873 ingeriaio}
416 1781 502 1844 rium
525 1779 702 1864 perhibere.
759 1780 847 1844 Nam
869 1780 898 1843 si
921 1780 1107 1844 constiterit
1134 1781 1174 1844 de
1206 1781 1292 1845 bona
1314 1779 1473 1864 opinione

248 1876 312 1937 ‘¹⁰⁰1‘
324 1877 388 1926 well.
416 1888 450 1948 ot
473 1882 545 1946 vita
567 1880 781 1957 narrantium,
806 1886 954 1945 constare
977 1882 1076 1946 debet
1098 1887 1133 1946 et
1155 1881 1196 1945 de
1219 1881 1365 1966 ipsorum
1388 1902 1470 1946 vero

415 2006 570 2050 sermone.
628 1982 692 2047 Dio
722 1983 833 2067 igitur,
866 1983 1015 2061 Elfwine,
1039 1983 1096 2067 qui
1120 1984 1213 2068 quasi
1246 1981 1363 2047 stadiis
1394 1987 1470 2047 octo

415 2091 507 2149 trans
540 2084 664 2147 fiumen
696 2083 873 2147 Tamisiarn
907 2084 1045 2161 habitas,
1077 2091 1111 2148 et
1141 2085 1184 2148 da
1217 2084 1355 2169 gloriam
1388 2082 1470 2148 Deo.

416 2195 433 2221 “
456 2185 567 2261 Filia?
591 2185 709 2269 inquit,
735 2194 751 2218 “
766 2206 839 2250 moa
855 2186 974 2251 cadens
997 2187 1032 2249 in
1056 2190 1193 2271 puteum
1216 2186 1385 2249 submersa
1407 2190 1472 2250 cst'

418 2286 544 2351 “Nam
568 2287 639 2369 ejus
668 2286 778 2351 aetatis
807 2287 955 2351 nondum
978 2291 1050 2351 erat
1075 2294 1115 2350 ut
1145 2292 1282 2372 puteum
1307 2284 1470 2371 [vitare]¹

416 2395 435 2424 “
457 2391 561 2455 sciret.
623 2387 746 2452 Puteus
776 2387 863 2452 altus
887 2388 979 2471 quasi
1004 2388 1126 2473 viginti
1161 2389 1282 2473 pedum
1314 2388 1358 2453 ab
1380 2408 1470 2472 aqua

368 2565 372 2573 ¹
416 2495 434 2525 “
456 2512 606 2568 sursum3
630 2494 791 2572 quantum
807 2510 884 2553 vero
907 2493 1095 2573 penetraret
1110 2489 1145 2552 in
1169 2489 1378 2575 profundum,
1395 2511 1464 2555 non

416 2591 599 2655 “multum
622 2590 664 2653 ad
687 2611 756 2653 rem
779 2611 851 2654 reor
872 2590 1021 2666 attinere,
1045 2612 1120 2656 curn
1143 2591 1226 2656 citra
1248 2591 1356 2656 laticis
1388 2614 1467 2678 pro·

414 2702 432 2729 “
454 2692 654 2756 funditatom
670 2696 705 2755 et
731 2690 955 2776 frigiditatem,
980 2693 1063 2757 citra
1085 2693 1269 2777 corpusculi
1291 2694 1343 2755 sui
1375 2693 1468 2759 colli-

415 2802 432 2829 “
454 2795 586 2870 sionem,
603 2798 713 2879 posset
735 2793 881 2878 parvula,
898 2799 933 2857 et
955 2816 1028 2879 quae
1044 2793 1107 2857 sibi
1123 2794 1298 2859 subvenire
1312 2796 1464 2873 nesciret,

414 2903 431 2929 “
453 2896 521 2959 solo
544 2917 620 2959 casu
644 2894 820 2979 praefocari.
867 2894 1026 2959 Extracta
1041 2916 1118 2959 vero
1134 2896 1176 2959 ab
1191 2917 1278 2980 aqua
1293 2895 1364 2960 sine
1388 2919 1466 2962 con-

415 3004 432 3032 “
455 2998 650 3062 tradictione
673 3002 804 3061 mortua
818 2999 982 3082 apparuit.
1029 2997 1202 3062 Flentibus
1225 2999 1320 3063 nobis
1343 3005 1377 3064 et
1393 3001 1463 3065 suf-

414 3110 430 3134 “
452 3100 594 3185 fiagium
632 3098 787 3183 martyris
819 3099 1072 3184 postulantibus,
1111 3099 1306 3165 reviviscere
1352 3102 1463 3187 coepit

414 3212 430 3238 “
454 3202 490 3267 Si
506 3202 634 3289 negatis
650 3201 809 3265 increduli
834 3223 907 3286 quae
924 3223 991 3266 non
1007 3202 1145 3278 vidistis,
1163 3186 1323 3268 affirmare
1345 3225 1462 3288 possu-

412 3310 430 3339 “
453 3326 526 3367 mus
549 3304 585 3366 in
608 3301 816 3379 contrarium,
848 3302 1094 3388 comprobantes
1132 3324 1206 3388 quae
1238 3304 1382 3369 vidimus
1422 3329 1466 3371 ox

413 3411 430 3439 “
454 3405 643 3490 compressis
666 3403 766 3468 labris
789 3402 960 3479 defunctas,
985 3426 1059 3489 quse
1081 3404 1171 3491 rigor
1201 3406 1314 3470 mortis
1339 3408 1464 3491 aperiri

413 3514 428 3540 “
451 3506 630 3592 prohibuit,
653 3526 695 3568 ex
717 3525 809 3568 mora
832 3505 990 3588 temporis
1014 3507 1101 3590 quod
1124 3512 1261 3572 mortem
1284 3512 1317 3572 et
1349 3509 1460 3575 vitam

412 3615 427 3642 “
451 3606 596 3671 medium
620 3604 829 3669 intercessit.'’

244 3720 374 3803 nocuas
455 3709 518 3773 Dic
540 3714 575 3772 et
597 3713 643 3783 tu,
668 3706 809 3770 Robcrte
836 3704 1053 3784 Flandronsis,
1078 3709 1303 3773 testimonium
1327 3709 1462 3777 Christo

242 3786 369 3901 fflmg’
411 3812 472 3896 [et]
496 3810 643 3894 martyri.
691 3817 706 3842 “
720 3807 865 3884 Inveni,”
890 3809 1006 3892 iuquit,
1032 3810 1166 3874 “filium
1197 3834 1306 3876 meum
1329 3813 1365 3876 in
1388 3836 1462 3899 spe-

242 3917 339 3967 hisson
412 3922 427 3947 ¹¹
450 3914 554 3989 lanea,
578 3932 665 3996 aqua
694 3910 907 3985 submersum,
932 3917 965 3973 ot
987 3911 1114 3996 gaudeo
1138 3934 1196 3997 per
1219 3913 1462 3981 invocationem

242 3986 375 4111 imi,
411 4015 605 4097 “martyris
628 4011 710 4074 mihi
734 4010 952 4074 restitutum.”

244 4116 289 4164 bnt
302 4117 344 4167 the

243 4183 294 4246 boy
305 4181 325 4232 is

241 4251 360 4298 restored.

242 4344 390 4396 Achiuos
455 4336 576 4400 Filium
607 4355 703 4398 suum
735 4332 829 4396 nobis
862 4333 1025 4397 Henricns
1056 4334 1216 4412 exhibuit,
1241 4360 1338 4423 quem
1362 4341 1459 4406 indu-

242 4410 380 4537 iiiiiib'rif
410 4441 555 4505 bitanter
589 4440 755 4499 mortuum
793 4434 893 4498 fuisso
931 4434 1105 4519 perhibuit.
1164 4436 1314 4525 Cumque
1352 4445 1459 4510 morbi

532 4208 633 4293 (137.)
659 4207 706 4271 Dc
721 4206 801 4290 ¹lilio
824 4204 1004 4290 cajanum
1026 4207 1172 4273 Hemici
1194 4218 1333 4277 amatim

528 4632 536 4663 ¹
554 4630 674 4695 Supplied
685 4632 720 4693 by
731 4645 746 4679 a
758 4630 820 4680 later
830 4630 899 4679 hand
910 4629 935 4679 in
950 4630 1015 4689 Ma,
1028 4633 1135 4697 perhaps
1147 4637 1341 4704 annocessarily.
