3316 6240
221 1239 286 1287 um.
302 1225 363 1309 vn]
421 1240 581 1290 ruccone
603 1241 783 1290 mansino
807 1239 1070 1291 onrrusmmsn
1208 1227 1271 1292 509

222 1424 396 1504 habebant,
420 1434 492 1491 tum
525 1428 604 1512 quia
635 1428 741 1492 bonus
774 1433 852 1504 erat,
881 1433 953 1491 tum
984 1427 1064 1513 quia
1096 1448 1137 1491 ex
1169 1425 1274 1489 divite

221 1529 413 1594 canonicum
444 1531 605 1595 induerat.
664 1530 739 1594 Nisi
769 1535 881 1593 autem
908 1529 1088 1594 misericors
1111 1528 1274 1592 Dominus

223 1629 362 1695 miseriae
384 1636 489 1695 tantae
514 1632 585 1716 ejus
608 1631 814 1715 pepercisset,
831 1651 929 1714 quem
952 1636 1113 1695 nocturno
1128 1634 1275 1713 tempore

223 1730 381 1795 fratribus
404 1732 570 1797 duntaxat
592 1732 728 1798 consciis
751 1731 967 1817 permittebat
988 1731 1097 1816 affligi,
1121 1731 1277 1794 miseret

224 1833 418 1898 miserabilis
449 1818 620 1899 diceretur.
679 1833 798 1919 Sisque
821 1834 935 1897 lustris
959 1838 1102 1918 quatuor
1125 1832 1276 1908 decursis,

224 1935 304 2018 quia
329 1941 459 2020 tempus
491 1936 690 2001 medicinam
720 1935 784 2000 sibi
816 1934 1008 2021 postulavit,
1032 1942 1066 1998 et
1097 1954 1276 2019 praesump-

223 2042 328 2102 tuosae
363 2038 595 2122 postulationis
630 2038 723 2123 argui
761 2059 855 2122 posse
890 2037 1068 2113 videretur,
1099 2036 1163 2099 nisi
1198 2035 1277 2119 quia

224 2137 264 2201 de
296 2138 446 2222 potentia
479 2138 599 2203 medici
631 2139 701 2202 sine
728 2138 935 2202 dubitatione
959 2136 1150 2203 confidebat.
1197 2134 1276 2199 Non

224 2260 282 2324 per
304 2261 338 2304 se
361 2246 481 2319 tamen,
497 2242 554 2306 sed
579 2263 637 2326 per
652 2242 817 2326 quendam
839 2241 1061 2315 mediatorem,
1077 2239 1276 2305 coenobitam

225 2342 473 2408 Cantuariensis
505 2344 648 2408 ecclesiae
673 2342 834 2407 Thomam
864 2343 1006 2416 nomine,
1033 2362 1128 2404 aures
1158 2339 1276 2404 medici
1288 2344 1349 2408 (See
1360 2363 1385 2411 p.

225 2443 367 2509 eoelestis
389 2445 617 2529 interpellavit
629 2468 636 2521 ;
667 2443 721 2507 cui
744 2442 832 2506 idem
857 2442 974 2506 vivens
1004 2442 1041 2504 in
1063 2414 1360 2506 ca1·netesti·¹⁰²‘)

224 2547 371 2610 monium
402 2546 622 2630 perhibuerat,
648 2545 766 2619 dicens,
790 2544 942 2608 “Inveni
966 2544 1075 2606 virum
1098 2542 1276 2607 secundum

225 2655 241 2680 “
265 2667 319 2710 cor
341 2645 478 2710 meum.”
525 2645 594 2721 Ille,
610 2649 650 2708 ut
672 2649 805 2730 rogatus
829 2644 945 2722 fuerat,
963 2666 1061 2729 super
1083 2644 1278 2710 eonferenda

224 2746 320 2811 fratri
343 2747 485 2810 sanitate
509 2747 673 2810 medicum
696 2747 834 2831 rogavit,
860 2767 927 2810 non
949 2768 1039 2832 pure,
1060 2745 1118 2810 sed
1141 2747 1226 2811 sieut
1247 2745 1277 2810 ei

226 2846 351 2911 sanitas
374 2848 566 2932 expediret;
594 2848 620 2911 si
645 2868 814 2912 veronen
837 2847 1015 2932 expediret,
1040 2848 1086 2912 sic
1108 2846 1277 2932 {egritudi-

225 2969 301 3011 nem
325 2949 467 3032 corporis
500 2948 703 3013 modificaret
733 2970 775 3011 ne
798 2949 834 3012 in
857 2971 896 3013 ca
919 2948 1044 3013 sanitas
1066 2947 1169 3012 animi
1192 2947 1276 3032 peri-
1354 2951 1357 2955 ’

224 3048 401 3113 elitaretur.
460 3048 543 3113 Haeo
566 3071 640 3114 cum
672 3048 828 3133 lacrymis
860 3049 976 3125 oravit,
1000 3054 1034 3113 et
1068 3048 1097 3112 ei
1130 3068 1276 3132 proquo

228 3148 337 3213 oravit
359 3148 580 3213 incontinenti
604 3149 784 3234 perfectam
808 3148 984 3212 sanitatem
1008 3148 1208 3233 impetravit.

477 3406 578 3489 (123.)
605 3405 827 3490 Confirmatio
849 3407 1022 3472 miracoli.

272 3560 486 3625 “Venerabili
511 3566 546 3624 ot
568 3561 783 3625 veneratione
808 3560 910 3646 digno
933 3563 1112 3627 conventui
1135 3562 1278 3628 ecclesiae
1290 3570 1376 3622 Ister

229 3674 246 3697 “
269 3662 394 3728 Christi
419 3664 608 3729 Cantuariae
630 3663 765 3727 humilis
789 3669 975 3729 conventus
998 3665 1205 3729 Oscneiensis
1228 3637 1422 3755 ec-ggffif

228 3772 245 3797 “
268 3764 373 3830 clesirc
397 3765 537 3828 salutem
562 3764 805 3828 storatianum
830 3764 952 3829 devota
974 3766 1136 3851 suffragia.
1291 3771 1402 3847 anney,

273 3865 498 3931 “Benedictus
537 3865 708 3941 Dominus,
747 3865 805 3949 qui
843 3887 902 3950 per
940 3867 1081 3950 gratiam
1114 3888 1207 3938 suam
1231 3837 1446 3967 stadim-

229 3972 411 4031 “vestram
447 3965 630 4029 illustravit
667 3966 836 4030 ecclesiam
875 3972 913 4029 ut
952 3988 1045 4051 paene
1078 3972 1168 4031 totus
1191 3967 1278 4031 orbis
1291 3969 1388 4034 ingue-

228 4075 245 4100 “
268 4068 391 4132 sentiat
413 4068 476 4131 sibi
500 4067 576 4130 inde
600 4068 772 4151 provenire
796 4067 964 4132 medelam.
1013 4069 1095 4149 Quae
1118 4070 1206 4133 enim
1229 4075 1280 4133 est
1291 4042 1376 4086 count.

229 4173 356 4232 “terra
387 4172 447 4231 aut
479 4189 559 4252 gens
591 4167 626 4230 in
662 4188 727 4250 qua
757 4167 920 4231 Dominus
942 4169 1102 4233 miracula
1135 4191 1201 4234 non
1235 4170 1280 4233 sit

230 4276 247 4301 “
270 4273 423 4352 operatus
446 4288 504 4352 per
526 4267 645 4330 merita
667 4267 825 4351 martyris
849 4267 1125 4332 Cantuariensis?
1157 4269 1279 4353 Opera·

231 4379 247 4404 “
271 4377 326 4433 tus
349 4375 399 4432 est
431 4368 564 4453 quidem
599 4389 657 4452 per
680 4368 751 4452 ejus
774 4368 893 4431 merita
917 4376 951 4432 ct
974 4369 1061 4432 inter·
1083 4391 1150 4434 nos,
1199 4370 1279 4450 Qui-

231 4481 246 4505 “
271 4472 347 4535 daun
370 4471 458 4535 enim
482 4470 522 4533 de
545 4469 701 4533 fratribus
724 4469 852 4545 nostris,
876 4471 1008 4534 nomine
1031 4470 1216 4535 Wiilolmus
1239 4472 1280 4536 do

232 4582 249 4608 “
274 4573 516 4659 Stokingeberi,
533 4572 646 4636 morbo
669 4569 844 4656 epilentico
859 4572 982 4658 viginti
998 4573 1094 4637 annis
1117 4595 1175 4658 por
1197 4579 1280 4637 tem·

233 4687 249 4711 “
272 4698 388 4761 porum
405 4674 589 4751 intervalla,
606 4680 645 4737 ut
668 4696 702 4737 se
717 4672 818 4738 habet
833 4674 967 4738 morbus
984 4675 1047 4754 ille,
1066 4675 1278 4740 laboraverat.

232 4790 248 4812 “
273 4778 361 4842 Nam
384 4798 404 4840 a
427 4777 534 4862 prima
557 4775 628 4840 vice
652 4795 718 4860 qua
742 4796 817 4839 eum
841 4798 962 4841 vexare
987 4777 1088 4861 coepit
1111 4799 1214 4861 usque
1237 4778 1280 4842 ad

233 4890 249 4914 ‘¹
274 4879 450 4944 secundam
483 4878 549 4941 fuit
587 4877 802 4942 intervallum
827 4878 968 4941 duorum
991 4900 1151 4942 annorum
1176 4885 1210 4942 ct
1233 4879 1281 4943 di—

234 4991 251 5012 “
274 4980 389 5058 midii3
422 5001 442 5043 a
476 4979 619 5043 secunda
650 4983 762 5042 autem
797 5000 900 5063 usque
932 4978 974 5043 ad
1009 4979 1150 5058 tertiam,
1182 4981 1281 5044 unius

236 5092 251 5116 “
274 5082 354 5146 anni
392 5086 426 5145 et
463 5079 530 5144 fere
569 5079 706 5144 dimidii.
769 5078 887 5164 Sicque
924 5101 1077 5166 processu
1126 5081 1282 5167 temporis
