3316 6240
337 766 401 831 246
669 780 847 830 ursarum
870 784 894 830 s.
918 782 1054 841 rrronn,
1253 767 1331 849 [rra.
1349 784 1383 830 11.

399 975 477 1057 (84.)
501 974 550 1039 Dc
571 974 733 1040 secerdote
756 974 883 1040 ciclealc
910 974 948 1039 in
971 974 1123 1040 ert-remis
1145 982 1329 1059 rrrortyrene

780 1076 946 1140 Thoumna

170 1212 272 1294 aaut·
384 1202 536 1289 Nigellus
585 1203 726 1287 quidam,
767 1204 948 1268 Cestrensis
997 1204 1137 1289 episcopi
1189 1202 1383 1288 capellanus,

171 1280 327 1412 fflffiff
339 1305 568 1371 molestissima
578 1305 667 1369 febre
683 1304 833 1370 decoctus
849 1313 883 1370 et
899 1305 1107 1390 dysenteria¹
1123 1307 1384 1391 distemperatus,

172 1412 318 1465 escherte
338 1408 474 1495 coagula
496 1407 665 1492 sanguinis
689 1408 847 1493 egerebat,
864 1414 897 1471 et
913 1409 1102 1491 desperatus
1126 1414 1176 1472 est
1198 1430 1219 1472 a
1241 1408 1383 1479 medicis,

172 1478 301 1609 ,(,ζζῗῐὲὼ
338 1532 377 1574 eo
403 1508 498 1593 quod,
523 1512 641 1592 praeter
670 1507 897 1593 fatigationem
929 1508 1036 1583 tussis,
1060 1508 1229 1583 labiorum,
1254 1508 1383 1592 pedum,

171 1611 306 1727 ffifflrffie
338 1616 373 1674 et
396 1609 552 1674 tibiarum
576 1616 703 1673 tumore
736 1609 984 1673 distenderetur.
1031 1609 1157 1673 Diebus
1189 1616 1300 1673 antem
1324 1609 1383 1673 ali-

171 1692 324 1795 sieffeain
339 1718 420 1797 quot
452 1712 577 1797 elapsis,
606 1713 676 1798 jam
709 1734 809 1798 agens
842 1713 877 1775 in
911 1713 1075 1787 extremis,
1108 1712 1297 1776 admonitus
1335 1718 1385 1775 est

170 1809 291 1861 “mm-
337 1814 428 1879 adire
458 1814 607 1878 tumbam
630 1814 786 1896 martyris
816 1818 856 1877 ut
878 1812 1017 1877 salutem
1048 1819 1319 1896 consequeretur3
1350 1820 1384 1875 et

337 1916 446 1979 visum
470 1921 520 1979 est
542 1915 571 1979 ei
596 1915 730 1978 monitis
753 1915 1000 1999 obtemperasse,
1025 1914 1195 1999 longisque
1211 1920 1382 2001 ⁸terrerum

338 2016 498 2083 tractibus
520 2015 718 2081 transmissis
741 2015 911 2101 sepulchro
942 2017 1096 2101 martyris
1127 2015 1274 2080 eominus
1305 2014 1383 2078 asti-

337 2119 436 2197 tisse3
466 2118 637 2182 advenisse
669 2138 798 2201 quoque
829 2118 917 2181 viros
950 2140 987 2181 eo
1019 2118 1141 2180 multos
1174 2124 1208 2181 et
1239 2116 1383 2179 illustres

337 2219 495 2285 orationis
525 2240 630 2293 causa,
654 2240 792 2301 quorum
823 2218 947 2281 nemini
975 2218 1228 2303 permittebatur·
1251 2219 1383 2302 propius

336 2321 494 2397 accedere,
518 2321 698 2404 faciemque
721 2320 876 2404 martyris
899 2320 962 2382 nisi
995 2320 1101 2383 tribus
1123 2320 1241 2385 mareis
1264 2320 1383 2383 oblatis

336 2422 502 2509 inspicere.
549 2420 694 2486 Tandem
726 2422 851 2487 cunctis
882 2421 1080 2485 alreuntibus
1104 2444 1138 2485 se
1162 2421 1266 2485 solum
1290 2421 1382 2484 resti-

336 2524 424 2599 tisse,
447 2529 481 2589 et
502 2522 717 2588 foraminibus
733 2528 898 2608 septorum
914 2523 1077 2607 sepulchri
1102 2523 1257 2606 quicquid
1281 2523 1382 2607 possi-

336 2626 429 2691 deret
450 2625 628 2712 ingessissc,
646 2631 685 2689 ut
706 2631 741 2689 et
763 2624 832 2710 ipse
855 2624 1101 2689 desiderabilem
1125 2624 1256 2687 vultum
1280 2623 1383 2709 patris

337 2728 448 2793 videre
472 2731 658 2791 mereretur.
705 2726 750 2789 Et
771 2724 833 2791 hoc
848 2727 1039 2790 interventu
1055 2724 1187 2790 sublata
1202 2725 1381 2810 pyramide,

336 2830 380 2895 ad
402 2835 569 2915 aspectum
593 2828 663 2914 ejus
678 2826 857 2892 admissum
880 2827 988 2901 fuisse,
1006 2827 1063 2911 qui
1087 2827 1224 2912 supinus
1243 2826 1381 2910 jacebat,

336 2932 465 3017 integro
488 2948 620 3015 corpore
652 2935 686 2993 et
718 2935 858 2993 venusta
889 2928 979 2994 facie.
1027 2927 1119 2993 Tune
1146 2930 1382 3013 interrogatum

336 3055 372 3099 so
393 3034 437 3099 ab
470 3032 549 3118 ipso,
573 3031 652 3117 quid
685 3031 748 3093 sibi
783 3036 917 3116 peteret,
951 3029 1155 3115 respondisse
1179 3040 1195 3064 “
1208 3030 1383 3096 Salutem.''

337 3134 528 3201 Subdidisse
538 3139 726 3217 martyrem,
737 3141 753 3166 “
766 3132 861 3197 Salus
872 3132 933 3196 tibi
949 3131 1108 3196 dabitur.'’
1156 3131 1338 3197 Credidisse
1349 3157 1382 3198 se

300 3294 303 3299 .
337 3237 456 3312 verbis,
479 3243 514 3301 et
535 3236 726 3301 abscessisse
750 3256 852 3319 usque
875 3235 918 3299 ad
941 3235 1069 3299 exitum
1085 3235 1194 3313 urbis3
1217 3241 1251 3299 et
1273 3257 1381 3302 secum

337 3344 546 3426 reputantem
569 3337 617 3401 ibi
640 3336 808 3421 quianon
830 3338 971 3421 perlecto
999 3343 1177 3411 sanaretur,
1201 3359 1380 3422 regressum

337 3442 380 3507 ad
403 3438 610 3526 sepulchrum
625 3460 739 3502 rursus
764 3438 987 3523 interpellasse
1013 3444 1189 3522 martyrem
1213 3438 1253 3502 de
1277 3438 1381 3503 salute

338 3568 405 3613 sua.
453 3542 526 3623 Quo
549 3540 764 3626 respondente
789 3550 805 3574 “
818 3540 967 3605 Salutem
998 3540 1228 3625 consequeris,”
1253 3562 1381 3605 omnem

337 3647 488 3735 protinus
511 3643 654 3708 dolorem
678 3642 857 3708 evanuisse.
902 3644 956 3708 Ad
973 3643 1127 3708 ultimum
1147 3644 1255 3707 visum
1279 3651 1329 3708 est
1352 3646 1382 3709 ei

336 3756 516 3834 martyrem
548 3745 731 3831 praecipisse
765 3745 853 3830 quod
885 3745 947 3809 sibi
981 3746 1084 3811 altare
1119 3746 1264 3831 erigeret.
1311 3746 1383 3811 Hoc

337 3875 424 3940 aeger
445 3872 519 3916 eum
543 3848 689 3925 vidisset,
712 3868 788 3911 eum
810 3847 937 3912 risione
960 3848 1092 3911 morbus
1107 3850 1283 3925 abscessit3
1306 3871 1381 3913 narn

338 3956 427 4043 quod
449 3954 668 4018 monstratum
702 3955 752 4016 est
775 3950 805 4015 ei
829 3950 863 4013 in
895 3950 1030 4027 visione,
1055 3951 1240 4015 exhibitum
1272 3956 1322 4013 est
1348 3956 1382 4013 et

337 4082 439 4124 mre.

626 4213 705 4300 (85.)
729 4213 777 4280 De
798 4212 960 4281 screardote
982 4220 1090 4300 rupto.

164 4338 289 4419 Persae
380 4351 507 4416 Aurea
536 4348 745 4433 praesentiam
776 4346 915 4412 nonni
949 4345 1201 4410 suessa-ana
1239 4346 1381 4431 episcopi

167 4414 288 4523 {decedes
335 4454 507 4541 presbyter
541 4452 692 4537 Paganus
732 4456 769 4513 ut
806 4449 1041 4513 immitteretur
1072 4448 1107 4511 irr
1145 4449 1379 4533 possessionem

166 4546 279 4603 rupture.
343 4588 477 4594 .-.-Η
540 4586 632 4591 .-.-.
667 4584 747 4591 .--
1002 4583 1152 4591 .-.--..-.
1189 4585 1291 4592 .--,
1331 4586 1352 4591 ..

732 4639 739 4670 ¹
757 4638 916 4700 dissenteria,
928 4638 984 4689 tls.
