3316 6240
230 1331 293 1379 am.
311 1315 372 1399 vr]
431 1330 591 1379 suenone
612 1328 792 1378 WILLELMO
815 1328 1077 1377 caurusnmusr.
1213 1300 1303 1375 443'

420 1551 501 1635 (31.)
525 1552 573 1616 De
595 1550 729 1617 drurbrrs
751 1551 955 1617 atrebatibus
977 1550 1128 1649 mortuis.

276 1707 446 1771 Venerunt
480 1708 545 1771 ‹lno
577 1708 619 1772 ad
652 1709 800 1774 tumbam
833 1708 988 1792 martyris
1021 1707 1164 1783 Thermo,
1196 1707 1423 1796 alternqeorea

231 1808 451 1872 Arvernensis
482 1814 517 1871 et
549 1808 651 1884 miles,
675 1808 839 1872 Robertus
863 1809 1005 1884 nomine,
1029 1809 1069 1872 do
1093 1807 1174 1871 villa
1197 1806 1278 1879 Bile,
1293 1787 1424 1901 fflffiffi

229 1908 315 1971 alter
346 1907 483 1972 alterius
516 1908 721 1987 conditionis,
756 1910 796 1974 de
820 1911 957 1974 civitate
993 1909 1146 1974 Podiensi
1174 1908 1279 1971 Vella·
1293 1919 1439 1982 nuvergne,

230 2030 353 2072 norum.
401 2010 495 2073 Alter
518 2032 652 2074 uxorem
675 2033 768 2075 suam
791 2007 976 2086 exhibebat,
994 2032 1092 2095 quam
1115 2015 1278 2074 mortuam
1292 1985 1424 2099 {¹1¹¹ssssssss

230 2110 330 2173 luisse
353 2116 540 2175 constanter
561 2112 733 2187 asserebat,
758 2118 792 2175 et
826 2133 884 2196 per
915 2119 1095 2196 martyrem
1119 2111 1279 2175 Thornam
1293 2117 1447 2215 Lel'uren·

231 2233 253 2275 a
283 2212 422 2275 mortuis
456 2219 664 2291 revocatam3
695 2213 781 2277 alter
813 2212 1029 2278 teneritudini
1066 2213 1178 2277 uxoris
1211 2235 1279 2278 sure
1293 2183 1436 2297 'isimon'

231 2312 354 2396 pariter
376 2314 578 2378 resuscitatio
603 2312 810 2399 pepercerat,¹
836 2319 870 2378 et
885 2336 968 2378 onus
992 2336 1050 2398 pro
1074 2336 1113 2378 ea
1137 2315 1279 2399 peregri·
1293 2314 1442 2429 rffffirfiml

231 2413 375 2477 nationis
398 2415 551 2479 subierat.
599 2415 797 2480 indicabant
812 2422 922 2479 autem
946 2416 1081 2479 nomina
1096 2415 1279 2490 mulierum,
1294 2398 1370 2495 biver
1382 2454 1409 2495 ω

229 2536 349 2600 genera
373 2516 569 2589 morborum,
593 2515 708 2581 horam
731 2522 765 2581 et
789 2516 938 2580 moram²
969 2517 1093 2591 mortis,
1127 2521 1160 2580 et
1184 2517 1281 2580 lletus
1294 2512 1348 2562 lise.

229 2616 426 2694 amicorum;
449 2616 576 2700 ipsique
593 2616 708 2680 tientes
723 2617 904 2681 narrationi
920 2638 988 2681 sure
1005 2618 1102 2680 lidem
1118 2639 1281 2695 meruere;

230 2717 313 2780 alter
340 2740 380 2780 ex
415 2716 516 2781 allato
539 2739 649 2783 seeum
672 2718 821 2794 'sudaria
851 2718 938 2802 quod
969 2718 1076 2782 funeri
1118 2741 1280 2804 praepara-

230 2825 331 2893 verat,
355 2824 492 2903 uterque
515 2842 556 2883 ex
591 2820 771 2905 longinqua
805 2822 1065 2907 peregrinatione
1096 2825 1131 2886 et
1153 2822 1280 2885 itineris

231 2918 382 2984 exhibita
405 2920 588 2985 dovotione.

395 3167 474 3252 (32.)
498 3167 545 3233 De
565 3168 684 3254 puelle
709 3192 783 3256 quse
807 3171 922 3238 recidit
945 3173 985 3238 de
1007 3195 1113 3239 raino,

277 3318 389 3384 Ludus
412 3321 538 3387 luctum
561 3324 657 3408 parit.
713 3325 829 3389 Risum
851 3334 886 3391 et
908 3327 1110 3393 hilaritatem
1134 3332 1279 3414 quando-
1295 3348 1416 3405 Emoriar,

229 3443 293 3505 que
309 3422 483 3506 promittit,
499 3424 556 3488 sed
577 3425 697 3510 saturius
713 3429 967 3493 amaritrulinem
992 3431 1121 3515 ingerit.
1168 3433 1281 3498 Puella
1294 3415 1448 3544 ((’ᾎζξξὲθ

229 3522 380 3605 quaedam
405 3525 556 3589 Emelina
578 3528 718 3604 nomine,
742 3528 812 3592 filia
836 3531 1006 3615 eujusdam
1033 3533 1216 3618 Reginaldi
1240 3537 1280 3600 de
1294 3548 1427 3596 orcam-

230 3624 311 3688 villa
345 3627 565 3691 transmarina
603 3651 677 3712 quae
710 3639 846 3696 vocatur
880 3633 1006 3708 Arabis,
1042 3634 1184 3711 ludebat,
1223 3638 1279 3700 sed
1293 3616 1420 3727 ξρζξὲζῶ)

229 3725 336 3791 locum
357 3727 492 3792 ludendi
516 3751 632 3815 pauun
647 3733 849 3797 attendebat.
897 3735 1017 3800 Stabat
1040 3736 1074 3798 in
1090 3738 1280 3803 summitate
1294 3744 1425 3820 alterau-

229 3828 315 3891 muri
337 3828 507 3895 castellum
532 3832 721 3908 munientia,
736 3833 866 3920 lapillos
885 3835 1048 3919 dejiciens,
1069 3838 1279 3924 jactibusque
1293 3810 1441 3926 affilnomu

229 3930 360 3996 vicariis
383 3932 493 4017 pueris
519 3934 637 3999 subtus
668 3935 858 4000 ludentibus
885 3938 1059 4016 colludens,
1085 3941 1189 4006 ruina
1212 3964 1280 4008 sure

229 4036 339 4101 minus
362 4039 563 4121 providebat.
612 4041 698 4106 Nam
720 4064 855 4108 manum
879 4066 971 4110 suam
995 4054 1167 4132 prosecuta
1189 4050 1282 4115 deor·

229 4158 301 4215 snm
333 4139 456 4203 decidit
486 4146 520 4203 et
550 4143 741 4226 exspiravit,
766 4146 960 4230 sanguinem
991 4171 1054 4225 ere,
1081 4151 1224 4227 naribus,
1248 4159 1283 4216 et

229 4238 365 4302 auribus
381 4239 520 4323 ejiciens.
567 4242 741 4309 'l'ramsiena
756 4252 867 4311 autern
886 4248 960 4314 illac
975 4250 1068 4314 miles
1092 4255 1281 4337 peregrinus

230 4340 385 4423 martyris
417 4340 551 4406 'l'lronne
585 4343 736 4429 lugentes
770 4348 909 4424 audivit,
942 4372 1137 4436 causamque
1173 4353 1280 4418 luctus

231 4461 381 4523 quaerens
413 4448 447 4505 et
480 4443 642 4528 accipiens
676 4447 769 4511 dedit
798 4472 919 4535 aquam
949 4475 1072 4518 sacram
1096 4476 1194 4538 quam
1226 4456 1280 4519 de-

230 4541 356 4607 ferebat
387 4543 421 4605 in
452 4565 487 4607 os
511 4544 674 4611 defuneto
706 4548 940 4617 distillandum.
1010 4555 1084 4635 Qua
1111 4556 1279 4629 distillata,

230 4643 354 4708 revixit
377 4665 450 4728 quae
473 4646 547 4710 vita
569 4648 684 4713 caruit.

233 4810 252 4817 '¹
261 4810 276 4816 ¹¹
287 4810 349 4817 —
358 4812 375 4818 -
384 4812 412 4818 “··
421 4814 426 4818 -
435 4813 452 4820 0
467 4812 925 4830 -————---—-——-.·——
934 4824 950 4831 --
959 4825 1158 4834 ..ι-*ψ
1167 4828 1225 4835 η.-
1237 4829 1243 4834 -
1252 4830 1257 4834 -

265 4912 272 4944 ¹
292 4914 327 4965 So
339 4915 383 4963 the
394 4915 492 4981 margin
504 4916 533 4967 ol
541 4918 598 4969 MS.
607 4918 731 4982 winton,
816 4922 827 4955 2

230 4992 311 5045 where
322 4993 364 5043 the
376 5000 430 5043 text
441 4994 486 5044 has
492 5006 648 5060 perceperat.
