3316 6240
359 720 424 781 338
692 732 871 781 malcrum
893 733 919 779 s.
942 730 1080 791 racana,
1261 716 1340 799 [nra.
1356 731 1402 780 rv.

359 924 376 949 “
398 915 506 991 idest,
530 936 572 978 ex
594 915 796 979 sublimitate
819 915 1090 999 concupiscentiae
1113 914 1286 991 saecularis,
1310 914 1406 978 rosti-

358 1024 374 1049 “
397 1020 513 1080 tuetur
535 1036 609 1080 caro
631 1020 692 1079 tua
714 1016 800 1080 sieut
816 1036 891 1079 caro
906 1014 999 1100 pueri
1030 1014 1170 1098 parsuli,
1185 1019 1225 1077 ut
1247 1015 1289 1079 ad
1312 1014 1407 1078 inno·

357 1124 374 1149 “
396 1116 500 1181 centis
522 1117 602 1180 vitae
624 1116 782 1201 redigaris
797 1115 980 1191 infantiam,
997 1120 1032 1179 et
1046 1114 1126 1178 vitre
1149 1120 1280 1179 autema·
1303 1136 1405 1178 mere-

358 1226 374 1251 “
396 1218 463 1282 aris
485 1218 675 1303 ingressum.
720 1218 819 1281 Unde
835 1217 965 1281 Veritas
989 1217 1062 1300 ipsa
1073 1216 1242 1301 discipulis
1258 1217 1326 1279 suis
1348 1216 1405 1292 ait,

358 1318 473 1383 “Nisi
496 1319 643 1384 conversi
666 1318 795 1382 fueritis
817 1323 852 1383 et
875 1318 1060 1383 efficiamini
1084 1317 1169 1382 sieut
1184 1317 1323 1402 parvuli,
1339 1338 1406 1381 non

359 1428 375 1453 ‘C

399 1420 565 1484 intrabitis
587 1420 624 1482 in
646 1441 783 1505 regnum
815 1417 996 1484 coelomm.’'
1043 1417 1127 1484 Cum
1159 1419 1262 1503 igitur
1291 1418 1406 1502 hujus-

358 1520 448 1583 modi
469 1519 663 1585 mandatum
693 1521 876 1604 accepisset,
903 1540 971 1583 non
993 1519 1117 1583 avertit
1139 1540 1172 1582 se
1196 1523 1230 1581 ot
1251 1518 1408 1584 abscessit

356 1620 540 1705 indignans,
573 1621 631 1685 sed
675 1621 796 1685 resedit
833 1642 941 1687 coram
983 1641 1021 1684 eo
1056 1620 1158 1685 donec
1188 1618 1269 1683 luna
1309 1640 1406 1683 suum

358 1720 549 1805 complesset
580 1725 615 1785 et
648 1721 797 1786 iterasset
829 1722 959 1799 orbem3
990 1740 1114 1785 moram
1149 1740 1282 1804 gravem
1312 1724 1406 1804 grate

357 1822 471 1897 ferens,
503 1822 592 1886 unde
623 1828 753 1908 gratam
791 1827 825 1887 et
863 1827 1012 1906 optatam
1050 1821 1227 1886 sanitatem
1264 1820 1405 1905 perfecte

358 1924 520 2008 suscipere
542 1925 664 1988 meruit
675 1948 684 2003 ;
698 1925 780 1989 adeo
794 1930 835 1988 ut
856 1925 884 1988 si
907 1925 1062 1990 strictura
1084 1923 1215 1989 narium
1241 1923 1406 2000 caruisset,

358 2025 561 2092 infirmitatis
583 2027 620 2089 in
643 2047 680 2092 eo
703 2026 846 2113 vestigia
867 2047 934 2091 non
955 2026 1190 2091 invenirentur.

193 2449 280 2503 muel
291 2450 321 2502 ol

193 2585 272 2632 eumd
282 2599 298 2632 o

644 2268 724 2354 (23.)
749 2268 798 2334 De
819 2268 962 2335 oculte-re
985 2268 1122 2356 leprosa.

406 2435 526 2501 Mulier
547 2435 692 2511 Metilia
716 2456 790 2520 quae
817 2435 890 2501 vieo
913 2434 1088 2521 Dudelghe
1114 2436 1301 2502 conversari
1331 2456 1406 2501 con-

193 2516 311 2631 Duueyf
361 2544 522 2615 sueverat,
559 2539 673 2603 eadem
707 2538 899 2602 infirmitate
933 2538 1075 2615 detenta,
1114 2538 1227 2603 eodem
1258 2544 1407 2603 curatore

193 2646 302 2715 leprosy.
361 2640 449 2725 cepit
471 2638 674 2703 infirmitatis
705 2638 904 2717 remedium;
934 2638 975 2703 de
1009 2658 1075 2723 qua
1106 2639 1264 2724 scriptmn
1294 2638 1407 2725 hujus-

361 2740 451 2805 modi
474 2740 681 2825 suscepimus.

194 2850 282 2901 Letter
292 2850 322 2901 ol

194 2916 238 2967 the
248 2915 317 2981 prior
362 2950 379 2977 a

193 2982 244 3031 and
254 2998 314 3032 eon-

194 3056 255 3097 veut
266 3049 297 3098 of

194 3114 326 3168 Wculock.
362 3153 379 3180 u

408 2841 626 2907 “Reverendo
648 2840 737 2925 patri
769 2846 803 2905 et
837 2839 969 2904 domino
993 2839 1110 2916 Odoni,
1134 2840 1235 2925 priori
1265 2842 1408 2908 ecclesia

402 2942 532 3009 Sanctae
564 2942 747 3019 Trinitatis,
782 2940 980 3018 Cantuarire,
1015 2943 1234 3028 universoque
1261 2944 1407 3028 ejusdem

362 3052 379 3078 “
401 3044 587 3119 conventui,
603 3044 704 3109 frater
719 3041 937 3119 Humbaldus,
955 3042 1062 3108 dictus
1086 3044 1173 3128 prior
1188 3045 1229 3109 de
1245 3045 1408 3123 Wenloeu

401 3150 555 3230 totusque
578 3144 725 3229 ejusdcm
747 3142 810 3209 loci
833 3148 1014 3209 conventus
1037 3144 1195 3210 devotum
1218 3146 1254 3209 in
1277 3146 1409 3213 Christo

361 3256 378 3282 “
401 3247 519 3311 salutis
542 3245 743 3329 obsequium.

406 3348 498 3411 “Pro
533 3347 638 3433 gloria
669 3345 829 3411 habemus
852 3352 886 3412 ot
917 3346 1078 3412 immensa
1099 3348 1219 3414 laetitia
1250 3351 1408 3434 quiddam

363 3458 379 3483 “
401 3447 496 3513 nobis
534 3469 639 3532 nuper
676 3448 860 3513 innotuisse
897 3448 986 3533 quod
1036 3454 1141 3513 tante
1182 3450 1409 3536 gloriosissimi

363 3559 380 3585 “
401 3550 557 3634 martyris
580 3550 714 3615 Thomas
745 3550 937 3614 meritorum
960 3550 1062 3635 copiae
1084 3557 1197 3617 nostra
1218 3554 1322 3637 possit
1352 3555 1409 3619 ad·

363 3658 380 3687 “
398 3650 500 3735 jicere
522 3651 725 3716 contestatio.
773 3650 861 3715 Nam
884 3657 923 3714 ut
945 3672 1015 3714 rem
1031 3653 1195 3718 succincto
1211 3654 1410 3739 perstringa-

363 3762 380 3787 “
402 3775 476 3816 mus
498 3752 636 3837 eloquio
650 3753 871 3838 ‚prasentium
899 3752 1001 3816 latrix
1025 3774 1131 3838 nuper
1152 3754 1284 3819 exstitit
1306 3755 1411 3840 lepre·-

364 3862 380 3888 “
403 3854 538 3931 sissima,
561 3854 643 3919 adeo
666 3858 706 3916 ut
727 3852 875 3938 gutturis
898 3872 970 3918 cam
1003 3853 1153 3931 raucitas,
1184 3854 1411 3941 labiorumque

364 3966 381 3992 ‘⁴
403 3963 521 4033 tumor,
561 3978 599 4021 ac
640 3955 872 4040 palpebrarum
919 3960 955 4019 et
989 3954 1158 4020 oculorum
1198 3958 1408 4035 transvensiq

365 4068 382 4094 “
404 4060 589 4143 rimosaque
611 4058 733 4142 pedum
764 4055 864 4121 simul
900 4075 939 4121 ac
976 4078 1136 4121 manumn
1172 4057 1303 4123 inflatio
1336 4080 1411 4124 eum

366 4160 571 4225 “maculosa
592 4159 696 4223 totius
728 4156 870 4243 corporis
895 4156 1090 4222 alteratione
1113 4159 1410 4244 transfigurassent.

366 4268 383 4294 “
406 4260 488 4339 Quae
522 4258 609 4335 talis,
642 4257 778 4323 tandem
809 4255 947 4322 audiens
979 4256 1150 4323 salutifera
1183 4280 1241 4343 per
1277 4259 1411 4323 beatum

366 4368 383 4395 “
405 4360 565 4426 Thomam
589 4359 733 4424 remedia
757 4358 981 4423 consimilibus
1004 4359 1123 4425 collata
1154 4360 1412 4445 quamplmimis‚

366 4471 383 4497 “
405 4485 463 4548 spe
485 4462 601 4529 salutis
624 4467 788 4547 concepta,
812 4460 1034 4538 Cantuariam‚
1059 4462 1137 4547 biga
1156 4468 1269 4527 tamen
1291 4469 1412 4539 evecta,

367 4573 382 4597 “
405 4564 558 4649 perrexit.
605 4562 679 4643 Quo
701 4584 759 4649 per
775 4561 962 4647 quindecim
977 4561 1048 4627 dics
1063 4562 1099 4627 in
1114 4562 1312 4630 monasterio
1327 4585 1413 4629 com-
