3316 6240
399 792 465 855 3:34
737 804 916 851 erraneum
939 808 962 852 s.
988 806 1126 864 ruens,
1309 786 1387 871 [nur.
1406 804 1450 849 rr.

399 993 615 1067 severitatem,
640 991 821 1074 complures
855 991 1075 1075 serpentinam
1108 989 1273 1061 astutiam,
1301 989 1451 1051 nonnulli

399 1094 569 1179 vulpinam
605 1092 774 1167 fallaciam,
809 1092 906 1156 multi
943 1114 1020 1156 vero
1046 1093 1259 1156 cauteriatam
1294 1096 1328 1153 et
1360 1091 1450 1153 deni-

397 1200 526 1282 gratam
561 1199 682 1280 gerunt
720 1194 972 1270 conscientium
1006 1193 1202 1278 elephant-ite
1237 1193 1451 1277 proprietates

399 1298 543 1362 moribus
574 1296 749 1360 imitantes.
810 1295 975 1359 [nvitatur
997 1295 1100 1379 igitur
1133 1293 1320 1379 hujusmodi
1355 1295 1450 1357 bene-

398 1400 480 1465 ficiis
513 1399 617 1463 bonus
655 1398 697 1461 ad
735 1398 865 1471 bonum,
900 1396 1005 1459 malus
1040 1403 1212 1461 revocatur
1235 1420 1256 1461 a
1289 1397 1392 1473 malo;
1417 1404 1451 1459 et

398 1501 521 1575 vident,
546 1502 616 1565 Deo
638 1500 770 1585 gratias,
797 1499 953 1562 moderna
976 1499 1096 1563 sreeula
1129 1500 1310 1583 profectum
1344 1498 1449 1582 qualis

397 1604 551 1667 nonfuit
574 1624 616 1667 ox
641 1624 705 1687 quo
728 1622 793 1665 non
817 1607 867 1664 est
890 1601 980 1663 visus
1002 1601 1169 1685 apostolus
1192 1623 1290 1685 super
1312 1608 1439 1664 tenum.

654 1842 734 1926 (21.)
758 1841 805 1905 Do
828 1840 1039 1906 conarenturio
1063 1842 1195 1927 leproso.

232 2010 338 2063 casces
444 1998 641 2063 AEdifieabat
687 1998 750 2062 sibi
789 1999 920 2063 domurn
965 2006 1000 2063 et
1046 1999 1204 2083 capellam
1237 1999 1449 2064 Eboraeensis

231 2077 362 2207 {¹233}
400 2101 539 2165 antistes
562 2100 731 2185 Rogerius,
754 2100 789 2163 in
820 2100 914 2185 cujus
945 2102 1136 2165 summitate
1164 2102 1299 2186 juvenis
1334 2102 1446 2165 Simon

231 2212 390 2269 menoawho
401 2202 635 2278 caementarius,
660 2202 701 2265 de
732 2208 837 2266 castro
867 2202 987 2267 Derebi
1021 2210 1128 2279 natus,
1160 2204 1347 2288 elephantia
1377 2226 1448 2288 per-

231 2279 380 2407 ζῗᾚὶ
401 2326 513 2371 cussus
536 2312 593 2369 est.
642 2304 792 2369 Invaluit
823 2312 934 2369 autern
959 2304 1048 2369 labes
1080 2306 1161 2368 adeo
1192 2327 1250 2389 per
1283 2306 1363 2369 anni
1387 2306 1447 2369 cir-

231 2410 377 2474 russelun
400 2407 509 2472 euluru
533 2412 572 2470 ut
594 2406 670 2491 pilis
693 2406 887 2473 cadentibus
910 2412 1011 2491 eaput
1034 2406 1213 2481 defloraret,
1238 2414 1272 2470 et
1298 2414 1447 2471 mentum

140 2512 143 2517 ,
231 2476 365 2539 employed

230 2543 265 2605 by
276 2543 320 2591 th,
399 2509 549 2593 perderet
564 2508 734 2572 virilitatis
746 2508 912 2573 indicium.
954 2508 1109 2587 Quotidie
1125 2509 1210 2573 eutis
1226 2510 1447 2593 rumpebatur,

231 2607 386 2724 :pffihw
399 2610 565 2697 unguibus
603 2610 792 2687 avellenda,
831 2611 979 2695 quotidie
1017 2633 1105 2675 nova
1146 2611 1376 2683 succrescebat,
1414 2617 1449 2674 et

343 2710 349 2722 '
399 2714 519 2777 damno
554 2734 612 2775 suo
646 2710 863 2797 pubescebat;
895 2734 1034 2797 eumque
1070 2713 1155 2777 cutis
1187 2734 1317 2777 earnem
1358 2712 1447 2777 deto-

398 2821 498 2903 geret‚
522 2836 596 2880 earo
615 2810 740 2879 'eutem
774 2814 893 2889 albore,
926 2814 1025 2889 sanie,
1062 2815 1232 2879 tuberibus
1255 2812 1447 2879 dehonesta-

399 2918 465 2983 bat.

444 3020 647 3084 Provoeabat
662 3016 732 3082 haec
754 3016 845 3080 illam
870 3024 1010 3102 ruptura
1025 3018 1208 3082 fervoribus
1232 3025 1266 3082 et
1282 3017 1448 3104 pulsibus;

399 3122 567 3187 revelabat
591 3120 650 3184 illa
682 3118 923 3203 turpitudinem
958 3119 1066 3203 hujus.
1114 3120 1261 3199 Quorum
1296 3120 1446 3183 miseram

400 3224 491 3289 litem
503 3221 698 3287 miselabilis
713 3220 842 3306 patiens
858 3220 1010 3285 dirimere
1025 3221 1147 3296 volens,
1158 3243 1232 3286 cum
1249 3243 1314 3285 non
1332 3243 1389 3306 per
1404 3242 1446 3296 se,

399 3348 465 3390 nou
489 3348 546 3411 per
569 3324 720 3397 medicos,
737 3328 854 3408 posset,
877 3321 1004 3407 placuit
1019 3323 1061 3385 arl
1088 3323 1291 3388 audientiam
1316 3322 1447 3406 majoris

395 3427 517 3512 judicis
540 3426 633 3490 litem
668 3425 850 3489 transiture.
898 3424 1008 3509 Igitur
1039 3447 1078 3487 ex
1111 3425 1246 3489 consilio
1269 3425 1446 3489 amicorum

399 3536 435 3596 et
456 3529 683 3595 canonicorum
708 3527 961 3591 Eboraeensiunr
994 3528 1115 3590 statuit
1137 3549 1171 3590 se
1200 3528 1234 3590 in
1258 3527 1447 3592 consistorio

399 3632 524 3698 domini
548 3631 796 3698 Cantuariensis
820 3630 986 3715 qnondam
1009 3630 1252 3715 archiepiscopi,
1277 3636 1311 3695 et
1333 3634 1445 3715 quate-

398 3758 463 3799 nus
485 3734 627 3799 raucitos
649 3734 791 3818 pectoris
808 3739 842 3797 et
864 3733 1022 3797 stliotura
1044 3732 1133 3796 naris
1156 3733 1314 3818 permisit,
1331 3733 1445 3797 oravit.

399 3837 583 3903 Verebatur
605 3840 773 3920 aspectum
796 3840 830 3898 et
853 3835 1031 3899 verendam
1055 3833 1260 3918 majestatem
1280 3833 1411 3917 judicis,
1427 3855 1448 3897 a

399 3942 495 4026 longe
527 3938 692 4015 salutans;
726 3943 761 4001 et
794 3937 873 4021 quia
904 3939 982 4000 'non
1021 3936 1231 4021 impudenter
1275 3935 1448 4019 ingerebat

398 4046 563 4111 horrorem
588 4064 692 4117 suum,
709 4041 830 4104 meruit
846 4039 986 4125 allegare
1002 4040 1145 4104 dolorem
1161 4061 1264 4102 suum.
1282 4047 1297 4071 “
1307 4037 1446 4114 «ludex,'‘

398 4150 456 4224 ait,
481 4157 498 4181 “
509 4145 640 4231 optime,
665 4143 871 4209 contendunt
893 4143 983 4227 apud
1007 4165 1059 4207 nie
1082 4140 1261 4206 adversarii
1285 4140 1349 4203 duo
1373 4162 1448 4205 eon-

399 4261 415 4285 “
439 4257 584 4314 tumaoes
618 4252 652 4309 ot
683 4244 837 4330 protervi,
868 4266 934 4307 nun
967 4245 1229 4329 obtemperantes
1264 4241 1335 4319 sibi,
1369 4242 1447 4327 quia

400 4362 416 4387 “
439 4356 539 4437 negat
561 4355 699 4432 uterque
722 4347 808 4432 quod
825 4369 921 4410 suum
938 4354 988 4411 est
1011 4346 1114 4411 alteri.
1162 4344 1313 4409 Postulat
1328 4366 1349 4409 a
1371 4350 1446 4409 outo

399 4466 415 4490 “
438 4475 512 4520 earo
546 4450 727 4516 necessaria
759 4448 831 4525 sibi,
869 4470 935 4513 non
973 4448 1085 4532 aliqua
1116 4454 1236 4533 prseter
1273 4453 1445 4512 eonsuetu-

399 4569 415 4594 “
438 4559 558 4632 dinem,
582 4554 639 4619 sed
662 4575 736 4638 queo
760 4552 799 4617 de
831 4551 902 4637 lege
926 4550 1040 4636 primae
1063 4550 1261 4615 conditionis
1284 4549 1447 4614 attributa

397 4672 415 4698 ‘¹
438 4656 673 4731 sunthorum,
696 4654 862 4720 velamina
884 4653 1105 4738 competentia
1127 4660 1161 4717 et
1188 4652 1339 4717 vividum
1362 4651 1446 4717 colo·
