3316 6240
376 742 420 811 72
761 759 843 808 vrrs
865 762 892 811 s.
914 760 1052 822 ruoun,

423 971 479 1056 (ω.
505 973 614 1039 caca
637 971 780 1059 cauo.)

431 1187 511 1273 (64.)
537 1185 721 1273 [Qecocnodo
744 1194 894 1254 arctatus
916 1195 960 1254 cat
979 1209 1077 1275 popo
1098 1187 1190 1254 inter
1210 1207 1320 1274 cepero
1341 1194 1371 1254 ct

749 1288 1058 1376 archiepiscopum]

208 1550 366 1616 Tnepopers
425 1545 529 1630 [Hinc
551 1547 639 1612 enim
662 1547 936 1634 ingratitudinem
958 1545 1117 1632 timens]¹
1147 1568 1257 1633 regem
1279 1547 1430 1633 respicie-

207 1618 344 1733 ffilffl
378 1647 444 1724 bat,
469 1648 526 1732 qui
549 1649 584 1713 in
607 1672 640 1713 se
663 1649 821 1715 beneficia
850 1656 1055 1735 congesserat
1084 1650 1163 1713 dum
1194 1648 1334 1714 schisma
1364 1650 1429 1713 Ro-

208 1756 327 1825 courcy
379 1769 550 1814 manorum
571 1750 758 1828 declinaret,
782 1751 873 1816 illinc
895 1751 1134 1837 periclitantem
1158 1750 1325 1816 ecclesiam
1349 1751 1428 1814 dum

208 1822 330 1866 maresa
378 1852 667 1937 transgressionem
683 1853 880 1939 impunitam
912 1853 1117 1937 relinqueret.
1163 1853 1428 1937 Tentaturusque

377 1952 405 2014 si
428 1952 482 2016 vel
504 1953 613 2019 adhuc
635 1954 705 2019 sinc
730 1954 886 2019 incisione
910 1955 1064 2020 medicari
1087 1954 1279 2019 vulneribus
1309 1960 1426 2038 posset,

376 2057 411 2116 ot
444 2054 528 2118 citra
559 2055 699 2139 rigorem
730 2057 916 2120 severitatis
954 2057 1039 2141 regis
1077 2055 1223 2120 emollire
1261 2056 1426 2133 duritiam,

206 2157 333 2236 Hereum
376 2154 484 2219 missis
519 2156 646 2220 duobus
680 2157 761 2220 viris
792 2157 948 2223 litteratis
979 2163 1014 2222 et
1044 2158 1200 2234 discretis,
1224 2157 1327 2222 altero
1351 2158 1420 2222 sub-

206 2224 362 2343 &hieran
377 2257 513 2323 diacono
537 2262 571 2321 et
593 2258 722 2323 notario
745 2280 812 2336 suo,
828 2259 932 2324 altero
955 2259 1112 2323 Romamn
1136 2258 1234 2323 curiae
1258 2259 1425 2335 advocato,

206 2372 234 2434 ⁸?
247 2359 362 2410 0⁰me
375 2359 506 2444 rogavit
543 2360 705 2424 attentius
743 2366 783 2424 ut
826 2360 1067 2446 archiepiscopo
1111 2359 1426 2446 archiepiscopatum

206 2438 302 2474 eroners
313 2425 352 2474 sor
669 2461 676 2474 .

205 2489 363 2541 areconcili.
376 2481 472 2525 suum
495 2481 570 2526 cum
592 2467 699 2547 gratra
722 2482 782 2525 sua
804 2466 839 2526 ct
861 2483 939 2546 paee
962 2461 1119 2526 redderet.

205 2553 282 2606 atlon.

377 2700 456 2785 (65.)
481 2700 529 2767 De
552 2700 668 2786 lepotis
689 2700 804 2766 coiecta
826 2722 944 2786 copore
966 2721 1074 2785 repam
1089 2708 1129 2767 ut
1151 2699 1427 2768 rccoactlc'orctur

731 2800 975 2888 archiepiscopo
999 2824 1067 2868 saco.

418 2958 484 3038 Qui
507 2981 581 3025 cum
605 2959 725 3024 litteris
747 2965 782 3023 et
804 2959 885 3024 viva
914 2980 993 3024 voce
1024 2963 1286 3044 protestarentur
1317 2979 1351 3023 se
1382 2959 1425 3023 ad

373 3062 529 3126 honorem
564 3067 598 3126 ct
637 3060 874 3125 exaltationem
905 3061 997 3146 regni
1029 3061 1099 3145 ejus
1130 3060 1309 3137 advenisse,
1341 3082 1424 3146 pne·

372 3163 467 3247 cipue
491 3185 565 3228 cum
598 3183 665 3227 non
697 3168 807 3248 posset
837 3163 952 3228 cedrus
982 3162 1080 3227 evelli
1104 3184 1177 3246 qum
1201 3163 1325 3228 radices
1348 3184 1423 3227 suas

373 3265 494 3329 fixerat
517 3265 552 3328 in
575 3270 676 3349 petra,
693 3265 933 3330 communicato
950 3264 1085 3330 consilio
1101 3264 1179 3331 deri
1199 3264 1251 3329 sui
1266 3264 1424 3331 concessit

372 3364 613 3450 archiepiscopo
636 3366 672 3428 in
695 3386 772 3450 pace
796 3366 908 3442 redire,
933 3373 967 3430 et
989 3388 1101 3432 omnes
1116 3366 1332 3451 possessiones
1347 3387 1423 3431 suas

372 3466 521 3551 recipere,
546 3466 638 3531 salva
670 3466 832 3552 dignitate
865 3468 957 3553 regni
992 3468 1051 3532 sui.
1099 3468 1216 3553 Itaque
1247 3469 1286 3533 de
1317 3468 1423 3534 absol-

373 3568 491 3635 vendis
528 3568 819 3634 excommunicatis
855 3568 971 3634 habita
1008 3570 1213 3647 tractatione,
1248 3575 1422 3655 postquam

373 3674 550 3756 praesentes
587 3670 729 3734 absoluti
763 3675 850 3746 sunt,
882 3670 1038 3736 convenit
1069 3671 1224 3755 utrinque
1263 3676 1302 3735 ut
1338 3672 1423 3736 altor

372 3793 483 3835 eorum
518 3791 577 3856 pro
608 3771 900 3837 excommunicatis
930 3772 996 3836 illis
1028 3772 1085 3856 qui
1115 3773 1151 3835 in
1181 3770 1305 3856 Anglia
1327 3778 1422 3837 erant

371 3874 578 3938 absolvendis
611 3874 845 3950 transfretaret,
873 3874 958 3939 alter
991 3895 1070 3938 vero
1101 3874 1144 3938 ad
1178 3874 1420 3938 exsecutionem

371 3976 461 4061 pacis
483 3982 672 4040 remaneret.
720 3976 817 4040 Mane
848 3981 960 4041 autem
990 3976 1085 4053 facto,
1110 3996 1184 4040 cum
1208 3997 1265 4039 rex
1288 3975 1331 4040 ab
1354 3975 1420 4039 illis

371 4082 505 4161 accepta
527 4077 661 4140 licentia
690 4076 897 4154 discessisset,
921 4084 1073 4143 revocato
1108 4098 1265 4143 consensu
1290 4078 1419 4143 condic-

371 4178 415 4241 tis
438 4183 523 4241 staro
547 4182 787 4253 recusaverunt,
803 4185 992 4263 suspectum
1007 4179 1166 4243 hahentes
1189 4184 1223 4243 et
1245 4184 1416 4244 causantes

369 4279 507 4344 verbum
531 4278 701 4363 illudque
725 4302 783 4341 rex
805 4280 895 4364 regni
920 4281 971 4343 sui
995 4279 1191 4366 dignitatem
1207 4279 1332 4344 salvam
1347 4279 1416 4344 sore

369 4381 574 4466 praedixerat.
622 4382 653 4443 N
657 4402 699 4443 on
723 4381 830 4456 verba,
847 4381 933 4446 sicut
955 4382 1001 4445 eis
1017 4383 1254 4468 imponebatur,
1271 4403 1415 4468 aucupa-

740 4544 904 4551 -.φ--

532 4632 539 4664 ¹
557 4632 612 4681 The
624 4634 707 4681 words
720 4632 744 4680 in
757 4632 875 4682 brackets
886 4646 928 4681 are
940 4633 1005 4680 from
1018 4633 1061 4681 the
1074 4633 1249 4698 Quadrilogus.
