3316 6240
221 1250 286 1301 cra.
301 1234 363 1319 va]
424 1222 583 1297 romono
604 1247 784 1296 wnnnnuo
808 1244 1070 1295 carrosarnrsr
1207 1229 1272 1292 505

221 1436 358 1524 tigisset.
405 1433 597 1519 Vocansque
622 1433 820 1510 obstetrices,
851 1431 1017 1498 hominem
1048 1452 1123 1498 cum
1153 1430 1274 1517 gaudio

222 1538 381 1625 produxit
404 1537 439 1600 in
462 1536 630 1600 mundum.

256 1777 362 1861 (114.)
387 1777 433 1842 De
455 1776 573 1862 puello
590 1775 694 1861 furca
712 1774 829 1860 ferrea
850 1775 892 1840 io
907 1774 1030 1860 cupitis
1053 1774 1245 1840 summitate

658 1877 845 1942 oulrwrotu.

271 2033 379 2098 Narro
399 2031 488 2116 quod
510 2035 730 2094 narraverunt
753 2030 810 2114 qui
829 2051 899 2093 rem
914 2034 1040 2115 gestam
1063 2030 1221 2095 viderunt
1242 2035 1277 2095 et
1289 2025 1383 2091 Agirl,

225 2133 406 2199 narrationi
428 2153 496 2195 suae
519 2131 640 2195 multos
662 2137 762 2195 testes
785 2129 1015 2196 adhibuenmt.
1061 2131 1218 2198 Rusticus
1240 2096 1412 2224 inlfflied

226 2237 415 2321 episcopatu
439 2233 644 2298 Norwicensi
675 2233 801 2297 furcam
831 2232 1067 2316 ferreumque
1097 2239 1279 2300 stramenta
1290 2224 1440 2276 atheraim

224 2339 261 2402 in
276 2337 413 2402 ¹culmen
436 2340 650 2420 congesserat,
674 2354 694 2397 a
717 2355 751 2397 se
775 2333 903 2417 dejecit,
928 2336 963 2396 et
984 2333 1141 2399 verticem
1167 2334 1278 2401 filiolae
1289 2291 1434 2411 {mlh

226 2461 293 2504 suae
316 2438 463 2502 ludentis
496 2435 613 2499 subtus
637 2434 823 2518 congeriem
853 2433 1002 2498 nesciens
1024 2433 1173 2517 trajecit3
1203 2456 1278 2518 quae

226 2540 340 2605 statim
362 2558 516 2602 corruens
533 2534 747 2598 volutabatur
767 2555 932 2618 spumans.
980 2534 1062 2600 Erat
1077 2536 1165 2599 enim
1188 2537 1280 2602 furca

226 2638 412 2714 bidentalis
434 2638 538 2701 altero
561 2635 745 2699 dentalium
768 2635 926 2700 verticem
949 2636 1152 2723 transfigens,
1176 2637 1280 2702 altero

228 2740 376 2825 scapulas
399 2737 629 2823 perstringens.
678 2736 743 2801 Sed
759 2743 794 2801 et
810 2737 1008 2823 virguncula
1027 2739 1088 2802 vix
1110 2740 1279 2804 biennium

228 2840 431 2926 impleverat,
447 2844 487 2901 ut
502 2837 648 2901 vulneris
671 2837 781 2900 minus
804 2838 933 2922 patiens
956 2843 1136 2922 putaretur.
1184 2840 1281 2919 Quod

229 2949 269 3008 ut
298 2941 429 3006 audivit
459 2940 562 3017 miles
586 2940 697 3004 rustici
731 2939 821 3004 illius
852 2941 1012 3020 dominus,
1044 2948 1153 3007 motus
1183 2965 1281 3029 super

229 3049 352 3110 eventu
375 3044 421 3106 roi
446 3064 579 3107 currens
602 3041 745 3117 advenit,
763 3048 798 3105 et
820 3042 980 3106 misellam
1003 3044 1050 3110 sic
1072 3044 1281 3110 vulneratam

229 3145 454 3224 adinveniens,
478 3142 718 3227 extrahensque
741 3143 863 3208 ferrum
887 3145 975 3228 quod
997 3146 1139 3212 misticus
1162 3147 1198 3210 in
1229 3168 1281 3213 ca-

230 3247 299 3331 pite
315 3244 468 3330 stupidus
491 3244 595 3307 fixum
615 3245 801 3329 reliquerat,
817 3245 929 3310 stabat
943 3247 1084 3312 intuens.
1130 3248 1280 3333 Cumque

231 3348 357 3412 medico
372 3352 489 3411 vocato
512 3346 641 3410 devita
664 3347 857 3432 desperaret,
875 3347 953 3432 quia
975 3348 1090 3413 laesum
1114 3351 1281 3415 cerebrum

231 3449 380 3536 putabat,
404 3449 445 3512 de
475 3447 605 3511 monitu
637 3448 750 3512 uxoris
782 3470 858 3525 suae,
882 3454 917 3513 ot
939 3451 1018 3534 quia
1049 3452 1178 3517 eratin
1209 3473 1282 3537 pro-

231 3553 343 3618 cinctu
375 3550 654 3636 peregrinationis
679 3549 880 3614 oblationem
912 3552 1103 3638 assignabat
1134 3553 1281 3639 martyri,

232 3655 260 3719 si
276 3653 450 3718 vulnerata
472 3650 664 3716 redderetur
681 3650 826 3716 sanitati.
874 3651 943 3717 Iter
957 3653 1070 3739 itaque
1085 3675 1283 3740 prosequens

232 3755 320 3842 quod
351 3757 544 3837 susceperat,
576 3772 728 3836 prospere
758 3752 867 3829 rediit,
895 3759 929 3818 et
960 3754 1103 3839 puellam
1129 3756 1201 3841 jam
1232 3756 1282 3820 lu-

231 3863 363 3926 dentem
386 3857 525 3943 reperit;
548 3879 647 3942 quam
669 3863 703 3921 et
726 3863 801 3942 post
823 3859 1031 3943 aliquantum
1055 3866 1185 3947 tempus
1208 3885 1282 3928 cum

231 3960 586 4048 aliquot·convicaneis
609 3965 643 4023 et
666 3959 786 4024 litteris
809 3961 877 4025 suis
900 3981 1012 4026 sanam
1036 3963 1079 4027 ad
1101 3966 1283 4050 gratiarum

233 4065 378 4132 actiones
401 4061 590 4126 destinavit.

237 4316 339 4399 (115.)
363 4315 412 4379 De
430 4315 554 4398 jurene
585 4314 688 4378 surdo
711 4321 740 4378 et
762 4319 865 4389 muto,
890 4315 953 4398 qui
974 4315 1017 4381 io
1042 4317 1286 4383 Ouotrsariensc'

525 4414 656 4479 ccclesia
678 4412 847 4500 loquelam
868 4416 996 4502 recepit.

279 4568 477 4633 Adolescens
493 4567 643 4644 (larinus,
660 4568 699 4632 de
723 4569 888 4634 territorio
905 4569 1151 4649 cenomanensi,
1168 4574 1286 4639 surdus
1299 4590 1389 4653 Genu,

236 4678 270 4737 et
302 4676 415 4735 mutus
449 4671 491 4735 ab
526 4675 619 4735 utero
653 4670 777 4748 matria,
805 4693 879 4737 cum
911 4673 1117 4738 convicaneis
1152 4676 1219 4740 suis
1252 4683 1286 4742 et
1299 4657 1429 4777 3ξέζὶζῆ

235 4774 309 4840 aliis
332 4772 512 4858 peregrinis
535 4771 649 4836 laudes
671 4773 809 4857 martyri
835 4773 1087 4839 decantantibus
1111 4774 1284 4844 Cantuari-
1299 4791 1438 4857 themna

236 4896 347 4940 ensem
370 4873 537 4938 ecclesiam
561 4874 741 4949 introierat,
759 4879 872 4939 votum
896 4875 1026 4941 solvens
1047 4879 1135 4962 quod
1157 4879 1285 4948 fecerat.
1299 4856 1438 4923 ⁰f⁸Pe⁸⁰l

237 4976 326 5042 Nam
342 4981 419 5040 ante
442 4996 562 5061 paucos
577 4975 647 5040 dies
663 4976 779 5041 auditu
797 4981 935 5062 recepto,
959 5000 1021 5044 noc
1042 5001 1128 5065 aeger
1151 5003 1192 5046 ex
1215 4989 1286 5053 toto

236 5101 297 5147 nec
319 5079 432 5145 valens
456 5084 533 5144 erat.
581 5078 625 5142 Et
647 5078 771 5144 facturn
795 5084 853 5156 est,
869 5078 949 5143 dum
973 5081 1158 5161 excubaret,
1174 5084 1284 5171 lapsus
