<?xml version="1.0" encoding="UTF-8"?>
<!DOCTYPE html PUBLIC "-//W3C//DTD XHTML 1.0 Transitional//EN"
    "http://www.w3.org/TR/xhtml1/DTD/xhtml1-transitional.dtd">
<html xmlns="http://www.w3.org/1999/xhtml" xml:lang="en" lang="en">
 <head>
  <title>
</title>
<meta http-equiv="Content-Type" content="text/html;charset=utf-8" />
  <meta name='ocr-system' content='tesseract 3.04.00' />
  <meta name='ocr-capabilities' content='ocr_page ocr_carea ocr_par ocr_line ocrx_word'/>
</head>
<body>
  <div class='ocr_page' id='page_1' title='image "./materialsforhis01robegoog_0267.png"; bbox 0 0 3316 6240; ppageno 0'>
   <div class='ocr_carea' id='block_1_1' title="bbox 351 750 1399 832">
    <p class='ocr_par' dir='ltr' id='par_1_1' title="bbox 351 750 1399 832">
     <span class='ocr_line' id='line_1_1' title="bbox 351 750 1399 832; baseline -0.001 -19"><span class='ocrx_word' id='word_1_1' title='bbox 351 752 416 813; x_wconf 76' lang='grc'><strong>220</strong></span> <span class='ocrx_word' id='word_1_2' title='bbox 681 763 860 812; x_wconf 67' lang='lat' dir='ltr'><strong>erraneum</strong></span> <span class='ocrx_word' id='word_1_3' title='bbox 882 765 907 811; x_wconf 91' lang='lat' dir='ltr'><strong>s.</strong></span> <span class='ocrx_word' id='word_1_4' title='bbox 931 764 1067 825; x_wconf 78' lang='grc'>11111111,</span> <span class='ocrx_word' id='word_1_5' title='bbox 1267 750 1345 832; x_wconf 80' lang='lat' dir='ltr'><strong>[ern.</strong></span> <span class='ocrx_word' id='word_1_6' title='bbox 1363 766 1399 813; x_wconf 90' lang='lat'><strong>11.</strong></span> 
     </span>
    </p>
   </div>
   <div class='ocr_carea' id='block_1_2' title="bbox 181 948 1399 2253">
    <p class='ocr_par' dir='ltr' id='par_1_2' title="bbox 181 948 1399 2253">
     <span class='ocr_line' id='line_1_2' title="bbox 348 948 1397 1036; baseline 0.003 -24"><span class='ocrx_word' id='word_1_7' title='bbox 348 948 472 1035; x_wconf 88' lang='lat' dir='ltr'><strong>lepram</strong></span> <span class='ocrx_word' id='word_1_8' title='bbox 494 950 703 1016; x_wconf 70' lang='lat' dir='ltr'><strong>manifestam</strong></span> <span class='ocrx_word' id='word_1_9' title='bbox 726 952 1035 1036; x_wconf 73' lang='lat' dir='ltr'><strong>prrenuntiarenta</strong></span> <span class='ocrx_word' id='word_1_10' title='bbox 1057 950 1300 1016; x_wconf 73' lang='lat' dir='ltr'><strong>cohabitatione</strong></span> <span class='ocrx_word' id='word_1_11' title='bbox 1324 949 1397 1015; x_wconf 91' lang='lat' dir='ltr'><strong>ille-</strong></span> 
     </span>
     <span class='ocr_line' id='line_1_3' title="bbox 348 1053 1396 1138; baseline 0.005 -27"><span class='ocrx_word' id='word_1_12' title='bbox 348 1070 421 1113; x_wconf 91' lang='lat' dir='ltr'><strong>rum</strong></span> <span class='ocrx_word' id='word_1_13' title='bbox 452 1056 667 1137; x_wconf 83' lang='lat' dir='ltr'><strong>segregatum,</strong></span> <span class='ocrx_word' id='word_1_14' title='bbox 696 1053 851 1137; x_wconf 89' lang='lat' dir='ltr'><strong>martyris</strong></span> <span class='ocrx_word' id='word_1_15' title='bbox 881 1054 985 1117; x_wconf 90' lang='lat' dir='ltr'><strong>nostri</strong></span> <span class='ocrx_word' id='word_1_16' title='bbox 1019 1053 1176 1138; x_wconf 84' lang='lat' dir='ltr'><strong>suffragia</strong></span> <span class='ocrx_word' id='word_1_17' title='bbox 1205 1054 1396 1137; x_wconf 68' lang='lat' dir='ltr'><strong>postulasse,</strong></span> 
     </span>
     <span class='ocr_line' id='line_1_4' title="bbox 348 1150 1399 1238; baseline 0.003 -25"><span class='ocrx_word' id='word_1_18' title='bbox 348 1150 553 1236; x_wconf 78' lang='lat' dir='ltr'><strong>gratiamque</strong></span> <span class='ocrx_word' id='word_1_19' title='bbox 591 1152 708 1216; x_wconf 88' lang='lat' dir='ltr'><strong>salutis</strong></span> <span class='ocrx_word' id='word_1_20' title='bbox 747 1153 944 1238; x_wconf 71' lang='lat' dir='ltr'><strong>impetrasse.</strong></span> <span class='ocrx_word' id='word_1_21' title='bbox 1013 1153 1094 1217; x_wconf 69' lang='lat' dir='ltr'><strong>Haec</strong></span> <span class='ocrx_word' id='word_1_22' title='bbox 1126 1153 1279 1237; x_wconf 84' lang='lat' dir='ltr'><strong>frequens</strong></span> <span class='ocrx_word' id='word_1_23' title='bbox 1313 1153 1399 1217; x_wconf 90' lang='lat' dir='ltr'><strong>circa</strong></span> 
     </span>
     <span class='ocr_line' id='line_1_5' title="bbox 349 1252 1396 1337; baseline 0.002 -24"><span class='ocrx_word' id='word_1_24' title='bbox 349 1252 497 1315; x_wconf 89' lang='lat' dir='ltr'><strong>tumbam</strong></span> <span class='ocrx_word' id='word_1_25' title='bbox 524 1253 670 1337; x_wconf 81' lang='lat' dir='ltr'><strong>ejusdem</strong></span> <span class='ocrx_word' id='word_1_26' title='bbox 701 1254 855 1337; x_wconf 86' lang='lat' dir='ltr'><strong>ma1tyris</strong></span> <span class='ocrx_word' id='word_1_27' title='bbox 885 1274 1017 1317; x_wconf 80' lang='lat' dir='ltr'><strong>namara</strong></span> <span class='ocrx_word' id='word_1_28' title='bbox 1040 1275 1259 1318; x_wconf 53' lang='lat' dir='ltr'><strong>eonsuevueras</strong></span> <span class='ocrx_word' id='word_1_29' title='bbox 1322 1252 1396 1327; x_wconf 83' lang='lat' dir='ltr'><strong>Sed,</strong></span> 
     </span>
     <span class='ocr_line' id='line_1_6' title="bbox 183 1350 1396 1467; baseline 0.001 -52"><span class='ocrx_word' id='word_1_30' title='bbox 183 1350 400 1467; x_wconf 52' lang='lat' dir='ltr'><strong>Smtplfflm</strong></span> <span class='ocrx_word' id='word_1_31' title='bbox 349 1373 376 1415; x_wconf 90' lang='grc'><strong>11</strong></span> <span class='ocrx_word' id='word_1_32' title='bbox 387 1358 488 1417; x_wconf 89' lang='lat' dir='ltr'><strong>testes</strong></span> <span class='ocrx_word' id='word_1_33' title='bbox 511 1354 644 1419; x_wconf 89' lang='lat' dir='ltr'><strong>idoneos</strong></span> <span class='ocrx_word' id='word_1_34' title='bbox 666 1355 766 1440; x_wconf 90' lang='lat' dir='ltr'><strong>hujus</strong></span> <span class='ocrx_word' id='word_1_35' title='bbox 788 1356 976 1419; x_wconf 82' lang='lat' dir='ltr'><strong>assertionis</strong></span> <span class='ocrx_word' id='word_1_36' title='bbox 1001 1356 1217 1440; x_wconf 84' lang='lat' dir='ltr'><strong>produxisses,</strong></span> <span class='ocrx_word' id='word_1_37' title='bbox 1236 1354 1396 1439; x_wconf 90' lang='lat' dir='ltr'><strong>(alioquin</strong></span> 
     </span>
     <span class='ocr_line' id='line_1_7' title="bbox 181 1432 1395 1547; baseline -0.001 -30"><span class='ocrx_word' id='word_1_38' title='bbox 181 1432 260 1547; x_wconf 50' lang='lat'>:2015</span> <span class='ocrx_word' id='word_1_39' title='bbox 348 1453 436 1517; x_wconf 88' lang='grc'>1111111</span> <span class='ocrx_word' id='word_1_40' title='bbox 460 1455 499 1518; x_wconf 93' lang='lat' dir='ltr'><strong>de</strong></span> <span class='ocrx_word' id='word_1_41' title='bbox 515 1455 613 1539; x_wconf 93' lang='lat' dir='ltr'><strong>plano</strong></span> <span class='ocrx_word' id='word_1_42' title='bbox 636 1455 735 1519; x_wconf 89' lang='lat' dir='ltr'><strong>fidem</strong></span> <span class='ocrx_word' id='word_1_43' title='bbox 756 1478 824 1519; x_wconf 91' lang='lat' dir='ltr'><strong>non</strong></span> <span class='ocrx_word' id='word_1_44' title='bbox 841 1456 962 1521; x_wconf 88' lang='lat' dir='ltr'><strong>faceres</strong></span> <span class='ocrx_word' id='word_1_45' title='bbox 984 1462 1119 1542; x_wconf 88' lang='lat' dir='ltr'><strong>propter</strong></span> <span class='ocrx_word' id='word_1_46' title='bbox 1133 1455 1230 1519; x_wconf 87' lang='lat' dir='ltr'><strong>falsos</strong></span> <span class='ocrx_word' id='word_1_47' title='bbox 1254 1461 1288 1519; x_wconf 90' lang='grc'><strong>11</strong></span> <span class='ocrx_word' id='word_1_48' title='bbox 1303 1454 1395 1539; x_wconf 90' lang='lat' dir='ltr'><strong>pelli-</strong></span> 
     </span>
     <span class='ocr_line' id='line_1_8' title="bbox 347 1554 1396 1647; baseline -0.003 -28"><span class='ocrx_word' id='word_1_49' title='bbox 347 1555 470 1619; x_wconf 89' lang='lat' dir='ltr'><strong>cientes</strong></span> <span class='ocrx_word' id='word_1_50' title='bbox 492 1556 630 1640; x_wconf 77' lang='lat' dir='ltr'><strong>fratres)</strong></span> <span class='ocrx_word' id='word_1_51' title='bbox 647 1557 789 1620; x_wconf 90' lang='lat' dir='ltr'><strong>mundus</strong></span> <span class='ocrx_word' id='word_1_52' title='bbox 814 1558 900 1620; x_wconf 89' lang='lat' dir='ltr'><strong>inter</strong></span> <span class='ocrx_word' id='word_1_53' title='bbox 922 1558 1062 1647; x_wconf 81' lang='lat' dir='ltr'><strong>mundos</strong></span> <span class='ocrx_word' id='word_1_54' title='bbox 1080 1558 1206 1641; x_wconf 88' lang='lat' dir='ltr'><strong>judicio</strong></span> <span class='ocrx_word' id='word_1_55' title='bbox 1231 1554 1396 1622; x_wconf 86' lang='lat' dir='ltr'><strong>communi</strong></span> 
     </span>
     <span class='ocr_line' id='line_1_9' title="bbox 348 1638 1396 1746; baseline -0.001 -24"><span class='ocrx_word' id='word_1_56' title='bbox 348 1657 524 1723; x_wconf 86' lang='lat' dir='ltr'><strong>claruisses.</strong></span> <span class='ocrx_word' id='word_1_57' title='bbox 592 1660 744 1724; x_wconf 88' lang='lat' dir='ltr'><strong>Vidimus</strong></span> <span class='ocrx_word' id='word_1_58' title='bbox 774 1638 996 1745; x_wconf 81' lang='lat' dir='ltr'><strong>proculdubio,</strong></span> <span class='ocrx_word' id='word_1_59' title='bbox 1020 1662 1107 1746; x_wconf 91' lang='lat' dir='ltr'><strong>quod</strong></span> <span class='ocrx_word' id='word_1_60' title='bbox 1139 1660 1271 1725; x_wconf 86' lang='lat' dir='ltr'><strong>diffiteri</strong></span> <span class='ocrx_word' id='word_1_61' title='bbox 1301 1659 1396 1723; x_wconf 92' lang='lat' dir='ltr'><strong>nolu-</strong></span> 
     </span>
     <span class='ocr_line' id='line_1_10' title="bbox 347 1760 1395 1847; baseline 0.001 -24"><span class='ocrx_word' id='word_1_62' title='bbox 347 1782 428 1835; x_wconf 90' lang='lat' dir='ltr'><strong>mus,</strong></span> <span class='ocrx_word' id='word_1_63' title='bbox 445 1760 561 1825; x_wconf 88' lang='lat' dir='ltr'><strong>faciem</strong></span> <span class='ocrx_word' id='word_1_64' title='bbox 577 1767 669 1825; x_wconf 90' lang='lat' dir='ltr'><strong>tuam</strong></span> <span class='ocrx_word' id='word_1_65' title='bbox 685 1762 960 1845; x_wconf 87' lang='lat' dir='ltr'><strong>subo[b]seuram,</strong></span> <span class='ocrx_word' id='word_1_66' title='bbox 975 1768 1136 1847; x_wconf 87' lang='lat' dir='ltr'><strong>tanquam</strong></span> <span class='ocrx_word' id='word_1_67' title='bbox 1159 1767 1280 1828; x_wconf 76' lang='lat' dir='ltr'><strong>curatae</strong></span> <span class='ocrx_word' id='word_1_68' title='bbox 1297 1760 1395 1845; x_wconf 82' lang='lat' dir='ltr'><strong>leprae</strong></span> 
     </span>
     <span class='ocr_line' id='line_1_11' title="bbox 347 1861 1394 1949; baseline -0.002 -24"><span class='ocrx_word' id='word_1_69' title='bbox 347 1861 502 1945; x_wconf 85' lang='lat' dir='ltr'><strong>reliquias</strong></span> <span class='ocrx_word' id='word_1_70' title='bbox 535 1861 719 1927; x_wconf 89' lang='lat' dir='ltr'><strong>habentem.</strong></span> <span class='ocrx_word' id='word_1_71' title='bbox 781 1862 933 1927; x_wconf 85' lang='lat' dir='ltr'><strong>Vidimus</strong></span> <span class='ocrx_word' id='word_1_72' title='bbox 972 1862 1180 1949; x_wconf 81' lang='lat' dir='ltr'><strong>impetigines</strong></span> <span class='ocrx_word' id='word_1_73' title='bbox 1210 1862 1394 1936; x_wconf 73' lang='lat' dir='ltr'><strong>desiccatae,</strong></span> 
     </span>
     <span class='ocr_line' id='line_1_12' title="bbox 347 1961 1395 2048; baseline -0.002 -22"><span class='ocrx_word' id='word_1_74' title='bbox 347 1961 465 2026; x_wconf 86' lang='lat' dir='ltr'><strong>tubera</strong></span> <span class='ocrx_word' id='word_1_75' title='bbox 489 1962 653 2039; x_wconf 88' lang='lat' dir='ltr'><strong>demolita,</strong></span> <span class='ocrx_word' id='word_1_76' title='bbox 675 1963 817 2029; x_wconf 87' lang='lat' dir='ltr'><strong>scabiem</strong></span> <span class='ocrx_word' id='word_1_77' title='bbox 848 1963 883 2025; x_wconf 92' lang='lat' dir='ltr'><strong>in</strong></span> <span class='ocrx_word' id='word_1_78' title='bbox 908 1985 1060 2048; x_wconf 85' lang='lat' dir='ltr'><strong>squamas</strong></span> <span class='ocrx_word' id='word_1_79' title='bbox 1084 1964 1288 2028; x_wconf 86' lang='lat' dir='ltr'><strong>defluentem.</strong></span> <span class='ocrx_word' id='word_1_80' title='bbox 1351 1962 1395 2024; x_wconf 86' lang='lat' dir='ltr'><strong>Et</strong></span> 
     </span>
     <span class='ocr_line' id='line_1_13' title="bbox 347 2063 1394 2152; baseline 0.001 -27"><span class='ocrx_word' id='word_1_81' title='bbox 347 2063 541 2148; x_wconf 88' lang='lat' dir='ltr'><strong>loquebatur</strong></span> <span class='ocrx_word' id='word_1_82' title='bbox 563 2064 661 2130; x_wconf 85' lang='lat' dir='ltr'><strong>facies</strong></span> <span class='ocrx_word' id='word_1_83' title='bbox 684 2087 742 2149; x_wconf 92' lang='lat' dir='ltr'><strong>pro</strong></span> <span class='ocrx_word' id='word_1_84' title='bbox 765 2087 807 2142; x_wconf 90' lang='lat' dir='ltr'><strong>se,</strong></span> <span class='ocrx_word' id='word_1_85' title='bbox 831 2088 928 2151; x_wconf 90' lang='lat' dir='ltr'><strong>poene</strong></span> <span class='ocrx_word' id='word_1_86' title='bbox 951 2088 1019 2130; x_wconf 90' lang='lat' dir='ltr'><strong>non</strong></span> <span class='ocrx_word' id='word_1_87' title='bbox 1043 2066 1193 2152; x_wconf 87' lang='lat' dir='ltr'><strong>indigens</strong></span> <span class='ocrx_word' id='word_1_88' title='bbox 1216 2064 1394 2149; x_wconf 80' lang='lat' dir='ltr'><strong>interprete</strong></span> 
     </span>
     <span class='ocr_line' id='line_1_14' title="bbox 347 2163 1394 2253; baseline 0.002 -26"><span class='ocrx_word' id='word_1_89' title='bbox 347 2163 468 2249; x_wconf 80' lang='lat' dir='ltr'><strong>lingue.</strong></span> <span class='ocrx_word' id='word_1_90' title='bbox 527 2165 621 2230; x_wconf 84' lang='lat' dir='ltr'><strong>Citra</strong></span> <span class='ocrx_word' id='word_1_91' title='bbox 650 2171 762 2230; x_wconf 86' lang='lat' dir='ltr'><strong>tamen</strong></span> <span class='ocrx_word' id='word_1_92' title='bbox 794 2188 893 2251; x_wconf 90' lang='lat' dir='ltr'><strong>quam</strong></span> <span class='ocrx_word' id='word_1_93' title='bbox 928 2173 1093 2253; x_wconf 86' lang='lat' dir='ltr'><strong>oporteret</strong></span> <span class='ocrx_word' id='word_1_94' title='bbox 1126 2169 1152 2231; x_wconf 89' lang='lat' dir='ltr'><strong>si</strong></span> <span class='ocrx_word' id='word_1_95' title='bbox 1182 2167 1228 2231; x_wconf 88' lang='lat' dir='ltr'><strong>rei</strong></span> <span class='ocrx_word' id='word_1_96' title='bbox 1264 2166 1394 2251; x_wconf 90' lang='lat' dir='ltr'><strong>plenam</strong></span> 
     </span>
    </p>
   </div>
   <div class='ocr_carea' id='block_1_3' title="bbox 345 2265 1362 2355">
    <p class='ocr_par' dir='ltr' id='par_1_3' title="bbox 345 2265 1362 2355">
     <span class='ocr_line' id='line_1_15' title="bbox 345 2265 1362 2355; baseline -0.001 -26"><span class='ocrx_word' id='word_1_97' title='bbox 345 2265 500 2331; x_wconf 90' lang='lat' dir='ltr'><strong>notitiam</strong></span> <span class='ocrx_word' id='word_1_98' title='bbox 523 2266 758 2343; x_wconf 90' lang='lat' dir='ltr'><strong>habuissemus,</strong></span> <span class='ocrx_word' id='word_1_99' title='bbox 783 2268 963 2331; x_wconf 90' lang='lat' dir='ltr'><strong>Dominum</strong></span> <span class='ocrx_word' id='word_1_100' title='bbox 986 2269 1023 2331; x_wconf 90' lang='lat' dir='ltr'><strong>in</strong></span> <span class='ocrx_word' id='word_1_101' title='bbox 1045 2274 1079 2333; x_wconf 86' lang='lat' dir='ltr'><strong>te</strong></span> <span class='ocrx_word' id='word_1_102' title='bbox 1101 2267 1362 2355; x_wconf 77' lang='lat' dir='ltr'><strong>glorificavimus.</strong></span> 
     </span>
    </p>
   </div>
   <div class='ocr_carea' id='block_1_4' title="bbox 564 2500 1182 2588">
    <p class='ocr_par' dir='ltr' id='par_1_4' title="bbox 564 2500 1182 2588">
     <span class='ocr_line' id='line_1_16' title="bbox 564 2500 1182 2588; baseline 0.007 -23"><span class='ocrx_word' id='word_1_103' title='bbox 564 2503 643 2588; x_wconf 88' lang='lat'>(58.)</span> <span class='ocrx_word' id='word_1_104' title='bbox 667 2502 715 2567; x_wconf 87' lang='lat' dir='ltr'><strong>De</strong></span> <span class='ocrx_word' id='word_1_105' title='bbox 736 2500 810 2568; x_wconf 86' lang='grc'>1111</span> <span class='ocrx_word' id='word_1_106' title='bbox 833 2502 959 2588; x_wconf 61' lang='lat' dir='ltr'><strong>leproso</strong></span> <span class='ocrx_word' id='word_1_107' title='bbox 982 2503 1182 2588; x_wconf 70' lang='grc'>1119111111.</span> 
     </span>
    </p>
   </div>
   <div class='ocr_carea' id='block_1_5' title="bbox 217 2658 1396 3251">
    <p class='ocr_par' dir='ltr' id='par_1_5' title="bbox 345 2658 1396 2948">
     <span class='ocr_line' id='line_1_17' title="bbox 390 2658 1396 2746; baseline 0.002 -24"><span class='ocrx_word' id='word_1_108' title='bbox 390 2658 452 2722; x_wconf 85' lang='lat' dir='ltr'><strong>Vir</strong></span> <span class='ocrx_word' id='word_1_109' title='bbox 465 2680 551 2722; x_wconf 84' lang='lat' dir='ltr'><strong>unus</strong></span> <span class='ocrx_word' id='word_1_110' title='bbox 574 2659 627 2725; x_wconf 89' lang='lat' dir='ltr'><strong>cui</strong></span> <span class='ocrx_word' id='word_1_111' title='bbox 650 2681 770 2724; x_wconf 88' lang='lat' dir='ltr'><strong>nornen</strong></span> <span class='ocrx_word' id='word_1_112' title='bbox 793 2661 866 2744; x_wconf 82' lang='lat' dir='ltr'><strong>Rog</strong></span> <span class='ocrx_word' id='word_1_113' title='bbox 845 2660 952 2724; x_wconf 69' lang='lat' dir='ltr'><strong>sterius</strong></span> <span class='ocrx_word' id='word_1_114' title='bbox 968 2660 1008 2724; x_wconf 91' lang='lat' dir='ltr'><strong>de</strong></span> <span class='ocrx_word' id='word_1_115' title='bbox 1031 2660 1135 2736; x_wconf 89' lang='lat' dir='ltr'><strong>Becle,</strong></span> <span class='ocrx_word' id='word_1_116' title='bbox 1152 2682 1225 2746; x_wconf 83' lang='lat' dir='ltr'><strong>qum</strong></span> <span class='ocrx_word' id='word_1_117' title='bbox 1249 2667 1299 2724; x_wconf 85' lang='lat' dir='ltr'><strong>est</strong></span> <span class='ocrx_word' id='word_1_118' title='bbox 1314 2659 1396 2724; x_wconf 88' lang='lat' dir='ltr'><strong>villa</strong></span> 
     </span>
     <span class='ocr_line' id='line_1_18' title="bbox 346 2758 1394 2845; baseline 0 -20"><span class='ocrx_word' id='word_1_119' title='bbox 346 2759 584 2825; x_wconf 88' lang='lat' dir='ltr'><strong>ooenobitarum</strong></span> <span class='ocrx_word' id='word_1_120' title='bbox 616 2758 729 2824; x_wconf 89' lang='lat' dir='ltr'><strong>Sancti</strong></span> <span class='ocrx_word' id='word_1_121' title='bbox 751 2760 947 2835; x_wconf 88' lang='lat' dir='ltr'><strong>Eadmundi‚</strong></span> <span class='ocrx_word' id='word_1_122' title='bbox 971 2766 1046 2844; x_wconf 91' lang='lat' dir='ltr'><strong>post</strong></span> <span class='ocrx_word' id='word_1_123' title='bbox 1068 2761 1132 2825; x_wconf 87' lang='lat' dir='ltr'><strong>iter</strong></span> <span class='ocrx_word' id='word_1_124' title='bbox 1154 2762 1241 2845; x_wconf 90' lang='lat' dir='ltr'><strong>quod</strong></span> <span class='ocrx_word' id='word_1_125' title='bbox 1265 2762 1394 2837; x_wconf 85' lang='lat' dir='ltr'><strong>fecerat,</strong></span> 
     </span>
     <span class='ocr_line' id='line_1_19' title="bbox 281 2861 1393 2948; baseline -0.001 -20.936"><span class='ocrx_word' id='word_1_126' title='bbox 281 2862 484 2948; x_wconf 90' lang='lat' dir='ltr'><strong>pedibus</strong></span> <span class='ocrx_word' id='word_1_127' title='bbox 506 2867 663 2948; x_wconf 54' lang='lat' dir='ltr'><strong>maratus</strong></span> <span class='ocrx_word' id='word_1_128' title='bbox 685 2867 742 2925; x_wconf 91' lang='lat' dir='ltr'><strong>est.</strong></span> <span class='ocrx_word' id='word_1_129' title='bbox 805 2861 1009 2925; x_wconf 82' lang='lat' dir='ltr'><strong>Existimans</strong></span> <span class='ocrx_word' id='word_1_130' title='bbox 1031 2867 1142 2926; x_wconf 87' lang='lat' dir='ltr'><strong>autern</strong></span> <span class='ocrx_word' id='word_1_131' title='bbox 1173 2884 1240 2947; x_wconf 70' lang='lat' dir='ltr'><strong>pree</strong></span> <span class='ocrx_word' id='word_1_132' title='bbox 1264 2863 1393 2926; x_wconf 89' lang='lat' dir='ltr'><strong>lassitu-</strong></span> 
     </span>
    </p>

    <p class='ocr_par' dir='ltr' id='par_1_6' title="bbox 217 2964 1394 3251">
     <span class='ocr_line' id='line_1_20' title="bbox 217 2964 1393 3050; baseline -0.003 -19"><span class='ocrx_word' id='word_1_133' title='bbox 217 2976 220 2981; x_wconf 88' lang='lat'>&#39;</span> <span class='ocrx_word' id='word_1_134' title='bbox 344 2964 422 3030; x_wconf 89' lang='lat' dir='ltr'><strong>dine</strong></span> <span class='ocrx_word' id='word_1_135' title='bbox 459 2964 641 3050; x_wconf 86' lang='lat' dir='ltr'><strong>contigisse,</strong></span> <span class='ocrx_word' id='word_1_136' title='bbox 680 2964 833 3049; x_wconf 87' lang='lat' dir='ltr'><strong>sperabat</strong></span> <span class='ocrx_word' id='word_1_137' title='bbox 871 2964 1000 3028; x_wconf 88' lang='lat' dir='ltr'><strong>alterna</strong></span> <span class='ocrx_word' id='word_1_138' title='bbox 1036 2964 1148 3049; x_wconf 89' lang='lat' dir='ltr'><strong>requie</strong></span> <span class='ocrx_word' id='word_1_139' title='bbox 1186 2966 1393 3049; x_wconf 87' lang='lat' dir='ltr'><strong>remedioque</strong></span> 
     </span>
     <span class='ocr_line' id='line_1_21' title="bbox 268 3065 1394 3152; baseline -0.003 -20"><span class='ocrx_word' id='word_1_140' title='bbox 268 3078 276 3091; x_wconf 86' lang='lat'>&#39;</span> <span class='ocrx_word' id='word_1_141' title='bbox 346 3067 503 3152; x_wconf 81' lang='lat' dir='ltr'><strong>temporis</strong></span> <span class='ocrx_word' id='word_1_142' title='bbox 539 3065 697 3131; x_wconf 88' lang='lat' dir='ltr'><strong>alleviari.</strong></span> <span class='ocrx_word' id='word_1_143' title='bbox 759 3065 825 3129; x_wconf 90' lang='lat' dir='ltr'><strong>Sed</strong></span> <span class='ocrx_word' id='word_1_144' title='bbox 862 3065 1082 3131; x_wconf 82' lang='lat' dir='ltr'><strong>invalescente</strong></span> <span class='ocrx_word' id='word_1_145' title='bbox 1121 3065 1219 3150; x_wconf 91' lang='lat' dir='ltr'><strong>lepra,</strong></span> <span class='ocrx_word' id='word_1_146' title='bbox 1251 3066 1394 3130; x_wconf 85' lang='lat' dir='ltr'><strong>recolens</strong></span> 
     </span>
     <span class='ocr_line' id='line_1_22' title="bbox 346 3168 1393 3251; baseline -0.005 -17"><span class='ocrx_word' id='word_1_147' title='bbox 346 3170 485 3234; x_wconf 89' lang='lat' dir='ltr'><strong>duorum</strong></span> <span class='ocrx_word' id='word_1_148' title='bbox 506 3169 645 3233; x_wconf 86' lang='lat' dir='ltr'><strong>fratnrm</strong></span> <span class='ocrx_word' id='word_1_149' title='bbox 669 3190 802 3232; x_wconf 90' lang='lat' dir='ltr'><strong>suorum</strong></span> <span class='ocrx_word' id='word_1_150' title='bbox 826 3188 906 3251; x_wconf 90' lang='lat' dir='ltr'><strong>quos</strong></span> <span class='ocrx_word' id='word_1_151' title='bbox 929 3168 1042 3232; x_wconf 86' lang='lat' dir='ltr'><strong>eadem</strong></span> <span class='ocrx_word' id='word_1_152' title='bbox 1066 3168 1281 3232; x_wconf 86' lang='lat' dir='ltr'><strong>damnaverat</strong></span> <span class='ocrx_word' id='word_1_153' title='bbox 1303 3168 1393 3231; x_wconf 91' lang='lat' dir='ltr'><strong>infir-</strong></span> 
     </span>
    </p>
   </div>
   <div class='ocr_carea' id='block_1_6' title="bbox 342 3267 1394 3659">
    <p class='ocr_par' dir='ltr' id='par_1_7' title="bbox 342 3267 1394 3659">
     <span class='ocr_line' id='line_1_23' title="bbox 345 3267 1393 3355; baseline -0.003 -22"><span class='ocrx_word' id='word_1_154' title='bbox 345 3270 451 3347; x_wconf 83' lang='lat' dir='ltr'><strong>mitas,</strong></span> <span class='ocrx_word' id='word_1_155' title='bbox 474 3270 615 3355; x_wconf 89' lang='lat' dir='ltr'><strong>putabat</strong></span> <span class='ocrx_word' id='word_1_156' title='bbox 644 3270 687 3333; x_wconf 90' lang='lat' dir='ltr'><strong>ad</strong></span> <span class='ocrx_word' id='word_1_157' title='bbox 717 3269 968 3333; x_wconf 89' lang='lat' dir='ltr'><strong>similitudinem</strong></span> <span class='ocrx_word' id='word_1_158' title='bbox 999 3267 1151 3353; x_wconf 90' lang='lat' dir='ltr'><strong>supplicii</strong></span> <span class='ocrx_word' id='word_1_159' title='bbox 1183 3269 1223 3331; x_wconf 91' lang='lat' dir='ltr'><strong>de</strong></span> <span class='ocrx_word' id='word_1_160' title='bbox 1249 3267 1393 3332; x_wconf 87' lang='lat' dir='ltr'><strong>naturali</strong></span> 
     </span>
     <span class='ocr_line' id='line_1_24' title="bbox 342 3370 1393 3458; baseline -0.004 -22"><span class='ocrx_word' id='word_1_161' title='bbox 342 3372 418 3458; x_wconf 88' lang='lat' dir='ltr'><strong>jure</strong></span> <span class='ocrx_word' id='word_1_162' title='bbox 449 3392 483 3435; x_wconf 89' lang='lat' dir='ltr'><strong>se</strong></span> <span class='ocrx_word' id='word_1_163' title='bbox 505 3370 637 3455; x_wconf 85' lang='lat' dir='ltr'><strong>reposci</strong></span> <span class='ocrx_word' id='word_1_164' title='bbox 698 3370 797 3434; x_wconf 91' lang='lat' dir='ltr'><strong>Unde</strong></span> <span class='ocrx_word' id='word_1_165' title='bbox 821 3391 967 3455; x_wconf 82' lang='lat' dir='ltr'><strong>egressus</strong></span> <span class='ocrx_word' id='word_1_166' title='bbox 997 3370 1232 3453; x_wconf 86' lang='lat' dir='ltr'><strong>acognatione</strong></span> <span class='ocrx_word' id='word_1_167' title='bbox 1263 3390 1324 3432; x_wconf 88' lang='lat' dir='ltr'><strong>sua</strong></span> <span class='ocrx_word' id='word_1_168' title='bbox 1345 3392 1393 3432; x_wconf 92' lang='lat' dir='ltr'><strong>se-</strong></span> 
     </span>
     <span class='ocr_line' id='line_1_25' title="bbox 345 3469 1394 3550; baseline -0.006 -11"><span class='ocrx_word' id='word_1_169' title='bbox 345 3472 483 3539; x_wconf 89' lang='lat' dir='ltr'><strong>cessit</strong></span> <span class='ocrx_word' id='word_1_170' title='bbox 474 3494 510 3535; x_wconf 93' lang='lat' dir='ltr'><strong>1n</strong></span> <span class='ocrx_word' id='word_1_171' title='bbox 537 3471 689 3550; x_wconf 88' lang='lat' dir='ltr'><strong>Scotiam,</strong></span> <span class='ocrx_word' id='word_1_172' title='bbox 713 3472 871 3536; x_wconf 90' lang='lat' dir='ltr'><strong>orationis</strong></span> <span class='ocrx_word' id='word_1_173' title='bbox 894 3492 999 3547; x_wconf 90' lang='lat' dir='ltr'><strong>causa,</strong></span> <span class='ocrx_word' id='word_1_174' title='bbox 1022 3470 1147 3535; x_wconf 89' lang='lat' dir='ltr'><strong>malens</strong></span> <span class='ocrx_word' id='word_1_175' title='bbox 1169 3471 1250 3535; x_wconf 86' lang='lat' dir='ltr'><strong>aliae</strong></span> <span class='ocrx_word' id='word_1_176' title='bbox 1280 3469 1394 3535; x_wconf 88' lang='lat' dir='ltr'><strong>haberi</strong></span> 
     </span>
     <span class='ocr_line' id='line_1_26' title="bbox 346 3571 1393 3659; baseline -0.005 -19"><span class='ocrx_word' id='word_1_177' title='bbox 346 3573 549 3659; x_wconf 88' lang='lat' dir='ltr'><strong>contemptui</strong></span> <span class='ocrx_word' id='word_1_178' title='bbox 572 3594 671 3657; x_wconf 88' lang='lat' dir='ltr'><strong>quarn</strong></span> <span class='ocrx_word' id='word_1_179' title='bbox 695 3573 784 3658; x_wconf 88' lang='lat' dir='ltr'><strong>apud</strong></span> <span class='ocrx_word' id='word_1_180' title='bbox 814 3578 917 3637; x_wconf 88' lang='lat' dir='ltr'><strong>notos.</strong></span> <span class='ocrx_word' id='word_1_181' title='bbox 983 3573 1028 3636; x_wconf 86' lang='lat' dir='ltr'><strong>Et</strong></span> <span class='ocrx_word' id='word_1_182' title='bbox 1058 3571 1158 3636; x_wconf 87' lang='lat' dir='ltr'><strong>rediit</strong></span> <span class='ocrx_word' id='word_1_183' title='bbox 1191 3578 1230 3636; x_wconf 92' lang='lat' dir='ltr'><strong>ut</strong></span> <span class='ocrx_word' id='word_1_184' title='bbox 1262 3579 1296 3635; x_wconf 89' lang='lat' dir='ltr'><strong>et</strong></span> <span class='ocrx_word' id='word_1_185' title='bbox 1327 3571 1393 3636; x_wconf 90' lang='lat' dir='ltr'><strong>alio</strong></span> 
     </span>
    </p>
   </div>
   <div class='ocr_carea' id='block_1_7' title="bbox 344 3673 1394 4676">
    <p class='ocr_par' dir='ltr' id='par_1_8' title="bbox 344 3673 1394 4676">
     <span class='ocr_line' id='line_1_27' title="bbox 345 3673 1394 3759; baseline -0.005 -16"><span class='ocrx_word' id='word_1_186' title='bbox 345 3675 546 3743; x_wconf 83' lang='lat' dir='ltr'><strong>consimilem</strong></span> <span class='ocrx_word' id='word_1_187' title='bbox 569 3677 612 3740; x_wconf 92' lang='lat' dir='ltr'><strong>ob</strong></span> <span class='ocrx_word' id='word_1_188' title='bbox 636 3696 767 3740; x_wconf 82' lang='lat' dir='ltr'><strong>causam</strong></span> <span class='ocrx_word' id='word_1_189' title='bbox 791 3674 1046 3759; x_wconf 75' lang='lat' dir='ltr'><strong>transmigraret.</strong></span> <span class='ocrx_word' id='word_1_190' title='bbox 1102 3673 1254 3739; x_wconf 87' lang='lat' dir='ltr'><strong>Visitatis</strong></span> <span class='ocrx_word' id='word_1_191' title='bbox 1281 3674 1394 3759; x_wconf 87' lang='lat' dir='ltr'><strong>itaque</strong></span> 
     </span>
     <span class='ocr_line' id='line_1_28' title="bbox 345 3773 1393 3852; baseline -0.004 -9"><span class='ocrx_word' id='word_1_192' title='bbox 345 3778 524 3843; x_wconf 89' lang='lat' dir='ltr'><strong>multorum</strong></span> <span class='ocrx_word' id='word_1_193' title='bbox 562 3775 732 3839; x_wconf 87' lang='lat' dir='ltr'><strong>liminibus</strong></span> <span class='ocrx_word' id='word_1_194' title='bbox 770 3781 967 3852; x_wconf 88' lang='lat' dir='ltr'><strong>sanctorum,</strong></span> <span class='ocrx_word' id='word_1_195' title='bbox 1007 3773 1222 3840; x_wconf 84' lang='lat' dir='ltr'><strong>Cantuariam</strong></span> <span class='ocrx_word' id='word_1_196' title='bbox 1257 3777 1393 3840; x_wconf 89' lang='lat' dir='ltr'><strong>veniens</strong></span> 
     </span>
     <span class='ocr_line' id='line_1_29' title="bbox 344 3875 1393 3953; baseline -0.004 -8"><span class='ocrx_word' id='word_1_197' title='bbox 344 3879 479 3945; x_wconf 88' lang='lat' dir='ltr'><strong>sedebat</strong></span> <span class='ocrx_word' id='word_1_198' title='bbox 499 3876 541 3943; x_wconf 92' lang='lat' dir='ltr'><strong>ad</strong></span> <span class='ocrx_word' id='word_1_199' title='bbox 569 3876 744 3941; x_wconf 86' lang='lat' dir='ltr'><strong>introitum</strong></span> <span class='ocrx_word' id='word_1_200' title='bbox 768 3876 910 3941; x_wconf 87' lang='lat' dir='ltr'><strong>ecclesiae</strong></span> <span class='ocrx_word' id='word_1_201' title='bbox 937 3875 1051 3941; x_wconf 87' lang='lat' dir='ltr'><strong>Sancti</strong></span> <span class='ocrx_word' id='word_1_202' title='bbox 1083 3876 1272 3953; x_wconf 84' lang='lat' dir='ltr'><strong>Salvatoris,</strong></span> <span class='ocrx_word' id='word_1_203' title='bbox 1296 3878 1393 3941; x_wconf 89' lang='lat' dir='ltr'><strong>bene·</strong></span> 
     </span>
     <span class='ocr_line' id='line_1_30' title="bbox 346 3976 1393 4063; baseline -0.004 -18"><span class='ocrx_word' id='word_1_204' title='bbox 346 3981 505 4045; x_wconf 88' lang='lat' dir='ltr'><strong>dictiones</strong></span> <span class='ocrx_word' id='word_1_205' title='bbox 536 3978 776 4043; x_wconf 88' lang='lat' dir='ltr'><strong>introeuntium</strong></span> <span class='ocrx_word' id='word_1_206' title='bbox 798 3976 1058 4063; x_wconf 88' lang='lat' dir='ltr'><strong>beneficiumque</strong></span> <span class='ocrx_word' id='word_1_207' title='bbox 1081 3979 1236 4062; x_wconf 88' lang='lat' dir='ltr'><strong>martyris</strong></span> <span class='ocrx_word' id='word_1_208' title='bbox 1262 3998 1393 4061; x_wconf 83' lang='lat' dir='ltr'><strong>exspec-</strong></span> 
     </span>
     <span class='ocr_line' id='line_1_31' title="bbox 345 4077 1394 4163; baseline -0.006 -17"><span class='ocrx_word' id='word_1_209' title='bbox 345 4087 428 4146; x_wconf 88' lang='lat' dir='ltr'><strong>tans.</strong></span> <span class='ocrx_word' id='word_1_210' title='bbox 482 4080 560 4145; x_wconf 90' lang='lat' dir='ltr'><strong>Nou</strong></span> <span class='ocrx_word' id='word_1_211' title='bbox 583 4084 695 4143; x_wconf 86' lang='lat' dir='ltr'><strong>autern</strong></span> <span class='ocrx_word' id='word_1_212' title='bbox 725 4100 812 4163; x_wconf 86' lang='lat' dir='ltr'><strong>aqua</strong></span> <span class='ocrx_word' id='word_1_213' title='bbox 834 4078 970 4142; x_wconf 83' lang='lat' dir='ltr'><strong>salutari</strong></span> <span class='ocrx_word' id='word_1_214' title='bbox 1001 4077 1086 4142; x_wconf 88' lang='lat' dir='ltr'><strong>lavit</strong></span> <span class='ocrx_word' id='word_1_215' title='bbox 1108 4100 1150 4154; x_wconf 88' lang='lat' dir='ltr'><strong>se,</strong></span> <span class='ocrx_word' id='word_1_216' title='bbox 1174 4078 1307 4143; x_wconf 87' lang='lat' dir='ltr'><strong>eredens</strong></span> <span class='ocrx_word' id='word_1_217' title='bbox 1330 4077 1394 4141; x_wconf 92' lang='lat' dir='ltr'><strong>sibi</strong></span> 
     </span>
     <span class='ocr_line' id='line_1_32' title="bbox 347 4179 1394 4264; baseline -0.006 -16"><span class='ocrx_word' id='word_1_218' title='bbox 347 4183 446 4248; x_wconf 88' lang='lat' dir='ltr'><strong>fidem</strong></span> <span class='ocrx_word' id='word_1_219' title='bbox 469 4180 623 4255; x_wconf 87' lang='lat' dir='ltr'><strong>sufficere,</strong></span> <span class='ocrx_word' id='word_1_220' title='bbox 639 4185 673 4245; x_wconf 90' lang='lat' dir='ltr'><strong>et</strong></span> <span class='ocrx_word' id='word_1_221' title='bbox 688 4179 844 4263; x_wconf 85' lang='lat' dir='ltr'><strong>martyris</strong></span> <span class='ocrx_word' id='word_1_222' title='bbox 866 4179 985 4243; x_wconf 86' lang='lat' dir='ltr'><strong>merita</strong></span> <span class='ocrx_word' id='word_1_223' title='bbox 999 4179 1069 4243; x_wconf 87' lang='lat' dir='ltr'><strong>sinc</strong></span> <span class='ocrx_word' id='word_1_224' title='bbox 1092 4199 1224 4242; x_wconf 79' lang='lat' dir='ltr'><strong>suarum</strong></span> <span class='ocrx_word' id='word_1_225' title='bbox 1248 4180 1394 4264; x_wconf 88' lang='lat' dir='ltr'><strong>partium</strong></span> 
     </span>
     <span class='ocr_line' id='line_1_33' title="bbox 346 4279 1393 4370; baseline -0.005 -20"><span class='ocrx_word' id='word_1_226' title='bbox 346 4282 604 4370; x_wconf 88' lang='lat' dir='ltr'><strong>interpositione.</strong></span> <span class='ocrx_word' id='word_1_227' title='bbox 680 4279 924 4347; x_wconf 87' lang='lat' dir='ltr'><strong>Consummatis</strong></span> <span class='ocrx_word' id='word_1_228' title='bbox 962 4286 1074 4343; x_wconf 89' lang='lat' dir='ltr'><strong>autern</strong></span> <span class='ocrx_word' id='word_1_229' title='bbox 1107 4279 1236 4365; x_wconf 90' lang='lat' dir='ltr'><strong>aliquot</strong></span> <span class='ocrx_word' id='word_1_230' title='bbox 1269 4281 1393 4359; x_wconf 89' lang='lat' dir='ltr'><strong>diebus,</strong></span> 
     </span>
     <span class='ocr_line' id='line_1_34' title="bbox 344 4380 1393 4474; baseline -0.005 -22"><span class='ocrx_word' id='word_1_231' title='bbox 344 4386 530 4474; x_wconf 83' lang='lat' dir='ltr'><strong>regrediens</strong></span> <span class='ocrx_word' id='word_1_232' title='bbox 560 4384 603 4448; x_wconf 86' lang='lat' dir='ltr'><strong>ad</strong></span> <span class='ocrx_word' id='word_1_233' title='bbox 637 4389 769 4468; x_wconf 89' lang='lat' dir='ltr'><strong>portum</strong></span> <span class='ocrx_word' id='word_1_234' title='bbox 792 4382 849 4467; x_wconf 89' lang='lat' dir='ltr'><strong>qui</strong></span> <span class='ocrx_word' id='word_1_235' title='bbox 880 4380 1003 4445; x_wconf 89' lang='lat' dir='ltr'><strong>dieitur</strong></span> <span class='ocrx_word' id='word_1_236' title='bbox 1032 4380 1154 4457; x_wconf 90' lang='lat' dir='ltr'><strong>Lewes,</strong></span> <span class='ocrx_word' id='word_1_237' title='bbox 1176 4382 1235 4445; x_wconf 89' lang='lat' dir='ltr'><strong>ubi</strong></span> <span class='ocrx_word' id='word_1_238' title='bbox 1265 4383 1393 4470; x_wconf 88' lang='lat' dir='ltr'><strong>pridem</strong></span> 
     </span>
     <span class='ocr_line' id='line_1_35' title="bbox 344 4482 1393 4574; baseline -0.003 -20"><span class='ocrx_word' id='word_1_239' title='bbox 344 4488 537 4574; x_wconf 86' lang='lat' dir='ltr'><strong>aliquandiu</strong></span> <span class='ocrx_word' id='word_1_240' title='bbox 568 4485 740 4559; x_wconf 89' lang='lat' dir='ltr'><strong>resederat,</strong></span> <span class='ocrx_word' id='word_1_241' title='bbox 763 4484 869 4548; x_wconf 87' lang='lat' dir='ltr'><strong>obiter</strong></span> <span class='ocrx_word' id='word_1_242' title='bbox 891 4482 1044 4546; x_wconf 85' lang='lat' dir='ltr'><strong>mundari</strong></span> <span class='ocrx_word' id='word_1_243' title='bbox 1074 4484 1183 4568; x_wconf 85' lang='lat' dir='ltr'><strong>eoepit,</strong></span> <span class='ocrx_word' id='word_1_244' title='bbox 1207 4491 1241 4549; x_wconf 87' lang='lat' dir='ltr'><strong>et</strong></span> <span class='ocrx_word' id='word_1_245' title='bbox 1264 4485 1300 4549; x_wconf 94' lang='lat' dir='ltr'><strong>in</strong></span> <span class='ocrx_word' id='word_1_246' title='bbox 1323 4486 1393 4551; x_wconf 90' lang='lat' dir='ltr'><strong>dies</strong></span> 
     </span>
     <span class='ocr_line' id='line_1_36' title="bbox 345 4584 1392 4676; baseline -0.005 -20"><span class='ocrx_word' id='word_1_247' title='bbox 345 4590 489 4676; x_wconf 88' lang='lat' dir='ltr'><strong>profecit.</strong></span> <span class='ocrx_word' id='word_1_248' title='bbox 536 4586 684 4652; x_wconf 86' lang='lat' dir='ltr'><strong>Tandem</strong></span> <span class='ocrx_word' id='word_1_249' title='bbox 710 4590 844 4653; x_wconf 87' lang='lat' dir='ltr'><strong>curatus</strong></span> <span class='ocrx_word' id='word_1_250' title='bbox 866 4584 1012 4650; x_wconf 88' lang='lat' dir='ltr'><strong>ostendit</strong></span> <span class='ocrx_word' id='word_1_251' title='bbox 1033 4606 1067 4650; x_wconf 92' lang='lat' dir='ltr'><strong>se</strong></span> <span class='ocrx_word' id='word_1_252' title='bbox 1092 4587 1252 4653; x_wconf 88' lang='lat' dir='ltr'><strong>sacerdoti</strong></span> <span class='ocrx_word' id='word_1_253' title='bbox 1275 4588 1322 4653; x_wconf 92' lang='lat' dir='ltr'><strong>ibi</strong></span> <span class='ocrx_word' id='word_1_254' title='bbox 1345 4589 1392 4652; x_wconf 93' lang='lat' dir='ltr'><strong>lo-</strong></span> 
     </span>
    </p>
   </div>
   <div class='ocr_carea' id='block_1_8' title="bbox 0 0 1662 6240">
    <p class='ocr_par' dir='ltr' id='par_1_9' title="bbox 0 0 1662 6240">
     <span class='ocr_line' id='line_1_37' title="bbox 0 0 1662 6240; baseline 0 0"><span class='ocrx_word' id='word_1_255' title='bbox 0 0 1662 6240; x_wconf 95' lang='lat' dir='ltr'><strong> </strong></span> 
     </span>
    </p>
   </div>
  </div>
 </body>
</html>
