3316 6240
275 808 279 813 ,
365 736 429 801 296
699 750 879 802 simaeum
901 753 925 801 e.
950 752 1087 814 ruens,
1268 740 1346 822 [nm.
1363 754 1412 802 111.

364 944 382 971 “
404 936 515 1001 meum
530 941 589 1015 est,
605 942 640 1001 et
651 941 757 1002 meter
772 936 843 1022 ejus
854 936 944 1023 apud
959 958 1011 1001 me
1024 936 1113 1002 domi
1122 943 1280 1002 servatur.
1317 936 1415 1018 Quod

365 1038 511 1123 “pretio
534 1059 601 1103 non
627 1043 729 1124 potes,
752 1038 1024 1124 concupiscentiae
1055 1038 1215 1125 contagio,
1240 1039 1328 1124 quod
1358 1059 1413 1103 eor

365 1148 383 1173 “
404 1144 500 1204 tuum
523 1140 696 1216 subvertit,
719 1139 805 1205 malo
836 1144 894 1205 tuo
917 1160 1013 1224 paras
1043 1139 1217 1205 obtinero.’'
1264 1140 1413 1226 Subjecit

363 1242 576 1318 adversarius,
595 1242 698 1307 “Non
721 1247 817 1306 tuum
839 1242 897 1306 sed
919 1263 1026 1306 meum
1044 1241 1120 1307 est”
1167 1240 1412 1307 Contendentes
1510 1262 1519 1267 ·

363 1344 476 1429 itaque
506 1344 543 1409 in
557 1343 647 1409 hunc
670 1344 804 1409 modum
826 1344 868 1410 ab
890 1343 1065 1429 oppidanis
1079 1343 1169 1429 capti
1185 1348 1271 1421 sunt,
1291 1344 1411 1429 juben-

362 1450 490 1531 turque,
528 1445 584 1511 hic
622 1446 712 1532 apud
751 1467 849 1530 quem
879 1451 1073 1531 conceptum
1116 1445 1242 1510 furtum
1274 1451 1324 1511 est
1357 1445 1411 1510 vel

362 1569 456 1613 suam
478 1548 657 1635 pugnando
687 1568 829 1633 purgare
861 1547 1092 1625 innocontiam,
1120 1547 1175 1611 vel
1197 1547 1279 1611 furti
1303 1548 1413 1613 subire

362 1668 514 1733 poenam3
544 1647 601 1713 ille
623 1668 701 1713 vero
735 1648 862 1713 furtum
894 1648 1056 1734 prosequi,
1089 1668 1247 1733 reumque
1277 1648 1411 1713 convin-

362 1771 441 1816 cere.

407 1852 496 1917 Reus
533 1851 645 1939 igitur,
684 1852 835 1936 quamvis
877 1852 1042 1930 innocens,
1073 1857 1187 1917 tamen
1219 1852 1409 1919 nocentium

361 1952 626 2020 machinamenta
651 1952 782 2032 timens,
813 1958 987 2039 postquam
1022 1953 1212 2019 satisdando
1242 1954 1411 2039 judicibus

361 2055 403 2120 de
425 2055 591 2121 redeundo
613 2056 703 2122 oevit
719 2055 810 2140 (nam
826 2075 847 2119 a
868 2054 1089 2120 consolatione
1104 2055 1282 2121 amicorum
1298 2056 1410 2142 procul

362 2157 648 2241 fuit),so100um
670 2157 758 2221 unde
780 2161 917 2222 venerat
946 2178 1096 2222 reversus
1131 2162 1189 2223 est.
1236 2158 1411 2243 Rebusque

361 2258 537 2344 dispositis,
560 2259 661 2324 fratre
684 2281 743 2324 suo
766 2280 874 2325 secum
897 2263 1074 2344 assumpto,
1100 2260 1144 2324 ad
1165 2279 1275 2325 aream
1298 2281 1410 2325 mono·

361 2360 499 2427 machiae
514 2361 612 2448 longo
627 2360 746 2426 itinere
761 2382 893 2426 emenso
907 2361 1098 2447 repedavit3
1121 2382 1186 2446 quo
1208 2361 1409 2447 perveniens,

360 2461 463 2526 trium
485 2462 615 2527 dierum
631 2462 718 2527 datis
733 2462 882 2539 induciis,
905 2468 1067 2548 quantum
1094 2462 1205 2548 potuit
1227 2462 1410 2548 pugillandi

362 2564 480 2629 didicit
516 2564 724 2629 industriam.
785 2563 947 2629 Veniente
978 2570 1089 2630 autern
1121 2585 1242 2651 pugnae
1274 2566 1412 2651 praefixe

362 2666 424 2744 die,
448 2666 537 2731 dixit
558 2666 660 2731 frater
682 2664 786 2741 fratri,
805 2672 821 2699 “
832 2664 907 2742 Fac,
929 2664 1039 2742 frater,
1054 2665 1188 2730 interim
1204 2666 1293 2750 quod
1308 2672 1408 2751 potes.

362 2776 380 2803 “
403 2768 535 2854 Sponde
572 2772 606 2833 te
644 2767 835 2832 memoriam
874 2766 964 2832 beati
1004 2766 1138 2832 Thomas
1186 2768 1409 2845 visitaturum,

362 2878 586 2953 “novemque
620 2888 736 2954 passus
776 2866 905 2933 itineris
942 2867 1070 2953 incipo;
1107 2867 1248 2935 victoris
1284 2870 1410 2955 potitus

361 2979 379 3006 “
400 2968 697 3057 peregrinationem
713 2968 861 3055 perficies
873 2993 882 3048 ;
896 2968 1060 3034 Dominus
1075 2969 1298 3036 intercedente
1314 2972 1410 3037 beato

361 3080 378 3106 “
400 3072 527 3137 Thema
563 3076 656 3136 tuem
687 3074 858 3135 conservet
894 3070 1144 3136 innocentiam.''
1198 3072 1294 3152 Quod
1335 3097 1409 3141 oum

358 3175 483 3241 iactum
506 3177 598 3249 essct,
615 3172 778 3259 congressi
801 3177 888 3236 sunt.
935 3170 1045 3237 Instat
1060 3177 1235 3251 accusator,
1252 3180 1286 3239 et
1301 3177 1409 3241 modio

358 3277 475 3344 baculo
496 3274 642 3362 flagellet
664 3272 897 3339 adversarium.
945 3272 1011 3338 Sed
1037 3273 1102 3351 illc,
1118 3275 1300 3340 munimine
1323 3300 1408 3343 mar-

362 3380 447 3465 tyris
478 3383 513 3443 et
534 3398 649 3465 parma
671 3377 750 3441 fidei
783 3380 959 3462 protectus,
982 3398 1161 3463 gravamen
1192 3378 1319 3444 ictuum
1341 3402 1409 3445 non

359 3480 469 3557 sensit,
508 3484 543 3545 ct
579 3488 739 3563 tanquam
786 3478 1006 3563 pugillatoriae
1051 3479 1132 3543 artis
1171 3481 1276 3545 sciens
1307 3483 1408 3568 capiti

360 3584 542 3667 dextroque
586 3579 719 3645 brachio
757 3579 948 3665 impetentis
979 3578 1092 3665 plagas
1134 3579 1266 3667 infligit,
1306 3582 1409 3650 donoc

362 3686 488 3751 victum
508 3682 552 3748 ud
573 3682 672 3768 pedes
690 3681 842 3767 judicum
857 3681 1070 3768 provolutum
1085 3681 1218 3747 veniam
1233 3684 1407 3751 calumnisu

362 3786 528 3878 postulare
550 3784 766 3871 compelleret.

533 4030 612 4116 (41.)
636 4029 684 4095 Dc
705 4030 871 4097 eubowreo
889 4052 953 4117 per
975 4036 1080 4097 totone
1101 4038 1234 4098 concor

192 4222 273 4285 John,
282 4220 313 4273 of
405 4198 505 4265 Vicus
536 4195 670 4284 grundis
700 4200 751 4260 est
780 4216 879 4282 quem
908 4196 1177 4284 Rechesburgum
1204 4206 1407 4284 nuncupant,

192 4289 396 4421 {Improbum
417 4300 539 4365 finibus
562 4296 716 4383 Loogriae,
740 4317 838 4382 quem
868 4297 990 4362 fluvius
1021 4298 1170 4363 Thuidus
1200 4299 1305 4377 alluit,
1335 4323 1407 4386 pro-

192 4418 257 4469 teen
358 4402 481 4468 fundus
518 4406 553 4465 et
589 4398 741 4485 piscosus.
802 4400 835 4461 Λ
872 4399 966 4484 cujus
1003 4399 1097 4465 alveo
1139 4423 1214 4466 cum
1246 4402 1407 4467 caballum

192 4486 342 4601 {hffiffi
353 4506 490 4595 juvenis
512 4505 680 4570 Joha1mes
711 4504 913 4589 adaquatum
944 4509 1156 4589 retorqueret,
1180 4508 1408 4573 exterrebetur

192 4616 304 4667 intorte
358 4608 481 4675 animal
511 4605 756 4672 formidolosum
786 4628 828 4671 ex
852 4612 940 4673 orate
963 4612 1070 4673 erecta
1097 4630 1156 4693 per
1178 4631 1277 4693 quam
1300 4615 1407 4676 trans·
