3316 6240
367 788 431 853 4³6
704 800 885 854 massera
907 763 931 854 s.
956 804 1093 868 mons,
1277 793 1355 877 [nm.
1373 806 1421 858 vr.

369 993 386 1021 “
408 987 537 1053 radiens
568 1008 626 1055 vas
656 1010 751 1074 aquae
774 990 986 1056 saneaifieatae
1016 992 1060 1056 ad
1090 991 1196 1058 locum
1219 993 1276 1078 qui
1300 993 1424 1059 dicitur

200 1089 638 1206 ffiffst·“Maentiatum,
655 1091 764 1177 quiin
787 1093 951 1157 territerio
974 1093 1198 1160 Lemovicensi
1221 1096 1422 1160 constitutus

199 1223 349 1286 Meinas)
371 1201 469 1272 “,est
493 1217 602 1263 secum
619 1197 747 1271 detulit,
764 1201 798 1261 et
821 1218 892 1261 eam
915 1197 1081 1281 languidis
1103 1199 1146 1263 ad
1169 1220 1203 1262 sc
1226 1200 1419 1265 confluenti-

372 1307 388 1332 “
411 1300 473 1364 bus
495 1300 748 1365 misericorditer
763 1300 918 1385 erogavit.
966 1300 1007 1363 In
1030 1300 1100 1366 loco
1123 1306 1234 1385 autem
1250 1302 1306 1366 ubi
1323 1303 1420 1368 collo·

371 1411 388 1436 ‘¹
411 1408 485 1468 cata
507 1403 572 1467 fuit
594 1424 688 1488 aqua,
712 1403 807 1487 plura
836 1424 895 1488 per
920 1407 1101 1488 martyrem
1133 1425 1229 1467 suum
1262 1405 1421 1471 miracula

370 1512 387 1536 “
409 1503 572 1568 Dominus
595 1507 748 1589 opcratur
763 1525 862 1589 quam
885 1508 996 1568 nestro
1017 1504 1152 1570 valeant
1174 1527 1320 1570 sermone
1343 1527 1419 1572 een-

371 1612 387 1638 “
409 1605 505 1670 cludi.
553 1605 701 1669 Audiens
735 1626 839 1691 supra·
864 1610 1044 1670 memorata
1077 1605 1187 1691 puella
1226 1607 1418 1693 populosam

370 1708 540 1772 “turbam
573 1707 616 1789 ad
647 1707 841 1793 pradictum
868 1707 975 1772 lecum
1007 1708 1177 1784 confluere,
1201 1709 1346 1794 profecta
1369 1717 1420 1775 est

372 1816 388 1842 ‘¹
412 1808 497 1885 illue,
526 1814 560 1874 et
604 1810 641 1872 in
684 1810 831 1875 oratione
862 1820 1056 1896 pernoctans
1088 1812 1190 1896 coepit
1227 1812 1419 1898 suffragium

409 1911 541 1997 gloriosi
579 1911 733 1998 martyris
772 1913 875 1977 modis
914 1913 1033 1998 quibus
1071 1918 1200 1998 poterat
1237 1915 1416 2000 implorare.

380 2022 387 2049 ‘
410 2014 554 2081 Peractis
577 2020 687 2079 autem
703 2014 834 2101 vigiliis,
851 2036 925 2081 eum
941 2016 981 2080 de
997 2016 1200 2083 sanctificata
1215 2037 1308 2101 aqua,
1325 2018 1418 2103 cujus

372 2128 387 2152 “
410 2138 510 2203 supra
524 2117 739 2194 meminimus,
755 2119 828 2203 ipsa
842 2123 1014 2204 gustasset,
1038 2118 1182 2183 solutum
1198 2125 1248 2184 est
1263 2120 1418 2185 continuo

371 2219 579 2287 “vinculum
603 2220 725 2306 linguae
749 2220 827 2307 ojus,
851 2221 1069 2308 distincteque
1093 2228 1127 2287 et
1157 2226 1269 2309 aperte
1299 2244 1417 2290 sermo·

370 2328 387 2358 “
409 2322 512 2389 cinari
534 2320 661 2407 coepit.’'

402 2560 480 2646 (24.)
505 2560 552 2628 Dc
576 2558 723 2649 manceps
748 2558 955 2626 Arvcrncaaa'
977 2581 1000 2623 a
1023 2556 1270 2647 conparatione
1292 2558 1402 2625 Fran-

770 2684 887 2731 corum
913 2661 1058 2728 liberato.

200 2831 318 2895 Pontius,
416 2819 635 2887 Conferebant
650 2820 857 2886 adinvicem
882 2819 921 2883 de
945 2819 1151 2886 rwefonnanaa
1174 2841 1252 2906 pace
1276 2821 1418 2887 eeclesiae

200 2899 339 3023 {¹1⁸3}ss
370 2925 548 3011 imperator
571 2923 805 2989 Alemannieus
828 2921 1036 2989 Frethericus
1059 2929 1094 2988 et
1125 2946 1183 2989 rex
1218 2924 1417 2991 Francorum

200 3033 299 3082 cleared
309 3031 340 3082 of
369 3026 567 3093 Lcdewicus
631 3024 780 3109 Cumque
818 3023 925 3090 locum
957 3025 1151 3089 statuissent
1182 3048 1246 3111 quo
1277 3048 1416 3112 praesen-

200 3098 360 3229 {fflffffff
369 3129 495 3194 tialiter
517 3129 740 3203 convenirent,
765 3126 913 3192 innotuit
928 3126 997 3212 regi
1021 3126 1221 3194 Francorum
1245 3129 1333 3214 quod
1354 3129 1415 3193 sibi

200 3230 299 3294 against
368 3236 566 3316 pararentur
592 3230 729 3295 insidias
777 3228 822 3293 Et
854 3229 1039 3314 percrebuit
1069 3252 1174 3295 senno
1198 3231 1277 3316 quia
1307 3252 1417 3317 proce·

200 3295 354 3416 ἔῗῖζξῃξθ
368 3334 483 3398 dorent
506 3334 546 3397 dc
569 3333 703 3398 consilio
733 3329 976 3396 Arvernensis¹
999 3333 1149 3419 episcopi,
1167 3335 1223 3419 qui
1247 3334 1416 3401 familiaris

368 3435 541 3500 exstiterat
565 3435 761 3518 imperatori
811 3432 1030 3513 Quamobrem
1053 3433 1171 3501 Franci
1205 3435 1251 3500 sic
1282 3435 1318 3499 in
1340 3457 1414 3500 eum

368 3535 555 3602 exacerbati
578 3541 657 3599 sunt
679 3539 719 3598 ut
741 3534 776 3598 in
792 3534 863 3618 ejus
885 3540 1023 3600 mortem
1047 3537 1278 3621 conspirarent.
1318 3536 1415 3602 Unde

369 3641 403 3703 ct
418 3638 538 3704 citatus
554 3641 604 3701 est
618 3642 653 3700 ct
667 3634 710 3699 ad
726 3634 850 3700 curiam
867 3640 1003 3702 vocatus
1016 3661 1024 3713 ;
1039 3637 1096 3722 qui
1112 3638 1247 3702 veniens
1259 3637 1413 3716 ,Parisius

368 3743 404 3807 in
434 3741 614 3807 claustrum
636 3738 778 3805 ecelesiae
816 3738 921 3803 beatse
944 3738 1059 3804 Mariae
1090 3763 1123 3805 se
1157 3741 1286 3826 recepit.
1348 3742 1414 3807 Ex-

367 3842 577 3909 hortantibus
615 3847 726 3907 autem
764 3841 923 3926 episcopis
957 3847 992 3906 et
1028 3842 1178 3928 pluribus
1216 3843 1289 3908 aliis
1328 3844 1415 3929 quod

366 3947 453 4013 infra
483 3954 577 4031 septa
599 3945 732 4010 claustri
765 3965 799 4007 se
829 3940 1002 4022 cohiberet,
1026 3966 1068 4009 ne
1091 3945 1242 4032 prodiens
1273 3946 1309 4009 in
1332 3948 1414 4031 pub-

366 4051 466 4115 licum
498 4047 657 4113 incideret
694 4046 729 4109 in
764 4066 881 4109 manus
913 4046 1027 4130 popuii
1064 4046 1202 4131 injurias
1239 4047 1290 4110 sni
1328 4048 1414 4131 regis

366 4148 575 4224 vindicaturi,
608 4151 678 4211 erat
709 4147 744 4210 in
781 4166 902 4231 magna
932 4147 1052 4210 mentis
1082 4146 1237 4232 angustia
1266 4151 1300 4210 et
1338 4167 1412 4210 eon-

369 4253 507 4319 stitutus
546 4251 580 4315 in
611 4255 707 4316 arcto.
763 4248 851 4312 Nam
891 4248 1029 4312 timebat
1068 4249 1219 4333 quamvis
1258 4249 1412 4315 innocens

364 4358 540 4420 noeentum
563 4373 687 4416 manus.
734 4349 823 4416 Hinc
845 4350 1048 4436 proponebat
1063 4350 1150 4435 quod
1173 4357 1412 4415 sacramentum

367 4480 434 4522 non
465 4462 643 4543 praestaret,
677 4453 828 4540 quamvis
852 4453 891 4517 de
922 4453 1066 4539 puritate
1105 4455 1312 4520 conscientie
1344 4478 1412 4520 sure

365 4620 449 4630 ..η-.-
480 4621 483 4625 .
503 4620 620 4626 .-...--—.-
633 4619 711 4625 —·-
754 4618 767 4622 --
789 4615 858 4621 ----
913 4616 973 4621 ——
1000 4615 1262 4623 .-..-...---..-——-..

755 4702 761 4733 ¹
782 4701 944 4763 decrustans,
956 4700 1014 4752 MS.
