3316 6240
323 756 389 822 342
656 768 837 820 amaeam
859 770 884 820 s.
907 768 1044 830 mcum,
1231 757 1375 840 [imru.

324 965 541 1038 excuteretur,
579 960 667 1046 quod
707 959 797 1026 factu
839 958 1047 1045 potissimum
1087 958 1262 1043 judicavit,
1300 981 1376 1025 eum

324 1064 422 1130 beato
455 1062 590 1128 Thomas
627 1061 770 1127 devovit.
826 1060 932 1127 Nocte
955 1062 1067 1146 itaque
1101 1067 1258 1146 sequente
1289 1063 1378 1128 vidit

325 1166 444 1231 mulier
465 1165 577 1250 aliqua
597 1163 768 1241 visionem,
793 1167 827 1228 et
850 1184 922 1229 ecce
945 1164 1062 1229 beatus
1084 1162 1226 1230 Thomas
1251 1165 1376 1231 saucia-

325 1273 398 1334 tum
429 1266 654 1341 contrectavit,
678 1269 778 1350 eaput
809 1264 962 1330 manibus
984 1265 1143 1330 ambabus
1165 1266 1208 1330 ab
1239 1266 1377 1351 occipite

325 1375 360 1436 et
382 1369 543 1455 sincipite,
567 1373 601 1434 et
623 1368 704 1433 item
727 1389 747 1433 a
769 1367 980 1452 temporibus
996 1367 1201 1445 constrinxit,
1218 1373 1377 1454 tanquam

326 1492 401 1556 quae
438 1469 598 1535 dissoluta
634 1475 730 1534 erant
767 1469 1027 1554 compaginando
1064 1469 1242 1534 resarciret.
1304 1469 1378 1536 Hoc

325 1571 421 1648 fato,
459 1569 631 1636 benedixit
667 1570 707 1646 ei,
740 1569 860 1646 dicens,
894 1568 1051 1634 “Vives''
1097 1568 1206 1656 Igitur
1238 1570 1377 1634 verbum

194 1666 200 1677 “
326 1693 378 1737 res
408 1676 520 1739 secuta
554 1676 622 1749 est3
643 1690 721 1735 nam
755 1690 838 1755 puer
868 1670 1047 1747 convaluit,
1078 1692 1158 1736 cura
1188 1670 1376 1738 medicinali

325 1776 446 1860 praeter
466 1772 573 1837 linum
595 1771 726 1836 milneri
749 1772 882 1858 penitus
904 1792 971 1837 non
993 1772 1153 1838 adhibita.

365 2053 445 2139 (28.)
469 2052 518 2119 Dc
533 2051 714 2139 foreatmio
736 2051 833 2137 cujus
853 2059 975 2139 guttae
996 2052 1202 2138 trousfiawm
1220 2052 1347 2141 facerat.

159 2214 279 2278 Μῶα
372 2208 513 2274 Juvenis
546 2209 662 2287 Adam,
686 2209 781 2294 cujus
804 2209 1021 2275 sollicitudini
1051 2210 1211 2275 bonorum
1245 2231 1378 2275 suorum

157 2282 278 2399 {ffiffi
327 2310 510 2377 custodiam
532 2309 652 2374 nobilis
668 2310 802 2395 quidam
825 2310 1053 2396 deputaverat,
1070 2311 1170 2375 tertio
1192 2333 1227 2375 se
1250 2312 1377 2389 comite,

130 2429 298 2491 anmoy-
327 2418 394 2476 tres
427 2410 509 2476 alios
541 2409 645 2475 feram
674 2430 775 2475 unam
810 2410 979 2496 jugulasse
1014 2411 1240 2497 deprehendit.
1288 2412 1378 2491 Quos

158 2482 305 2598 Jfflofft„
328 2518 485 2597 tanquam
517 2512 605 2576 fures
628 2510 811 2588 invasunrs,
835 2495 931 2585 nisus*
959 2518 1011 2576 est
1032 2512 1165 2597 injicere
1196 2535 1314 2578 manus
1345 2519 1379 2578 et

328 2612 608 2700 comprehendere.
655 2612 721 2678 Sed
757 2633 845 2677 unus
882 2613 1015 2678 illorum
1050 2614 1176 2701 jaciens
1220 2617 1378 2701 sagittam

328 2721 448 2804 guttur
480 2714 642 2780 invasoris
676 2715 853 2780 transfixit.
901 2715 967 2795 Qui
1001 2736 1075 2781 cum
1106 2716 1233 2801 aliquot
1264 2738 1379 2803 passus

327 2816 513 2903 peregisset,
559 2816 690 2894 corruit,
729 2816 938 2901 sentiensque
972 2816 1119 2881 vulneris
1157 2817 1378 2897 atrocitatem,

328 2927 346 2956 “
367 2918 695 3007 Misereremartyrss'
711 2918 829 3003 inquit,
847 2926 863 2952 “
875 2918 1020 2997 Thoma;
1043 2940 1086 2983 ne
1101 2919 1142 2983 de
1158 2919 1266 2985 medio
1282 2920 1379 2986 tollar

328 3029 346 3057 “
368 3043 410 3087 ex
433 3021 569 3087 vulnere
592 3021 680 3107 quod
712 3021 829 3107 patior,
853 3020 933 3083 dum
965 3020 1098 3088 domino
1129 3042 1202 3086 meo
1225 3022 1378 3109 diligenti

327 3124 596 3210 “procuratione
628 3143 724 3189 caves
754 3121 795 3186 dc
828 3121 1055 3188 indemnitate.
1102 3122 1246 3188 Domum
1279 3146 1378 3210 quam

329 3233 346 3260 “
369 3226 528 3311 sangiune
559 3229 617 3290 tuo
650 3222 757 3288 livisti
788 3224 978 3308 peregrinus
1011 3229 1046 3288 et
1077 3225 1216 3289 devotus
1253 3227 1379 3293 adibo.’'

330 3325 449 3391 Oravit
470 3332 505 3391 et
526 3347 646 3409 aquam
680 3325 835 3409 martyris
858 3324 997 3409 potavit,
1020 3325 1078 3389 sed
1101 3331 1140 3389 ut
1172 3327 1314 3410 patienti
1337 3350 1379 3392 cx

329 3426 401 3492 loco
439 3431 473 3490 et
517 3426 614 3490 modo
652 3425 799 3489 vulneris
844 3426 1027 3510 perieulum
1072 3429 1377 3511 praeostenderetur,

330 3532 493 3612 quatenus
516 3548 558 3591 ex
581 3525 704 3591 divinae
728 3526 912 3612 largitionis
936 3526 1093 3593 beneficio
1116 3527 1300 3595 devotiores
1323 3553 1378 3595 ex-

329 3632 478 3715 surgeret
514 3628 551 3690 in
588 3626 710 3705 laudes,
756 3629 858 3713 coepit
896 3650 984 3713 aqua
1021 3651 1063 3694 ex
1102 3634 1241 3715 utraque
1286 3638 1380 3717 parte

314 3774 322 3787 .
329 3729 475 3817 gutturis
496 3727 633 3794 effluere.
680 3729 746 3793 Sed
769 3734 803 3794 et
819 3730 975 3814 quicquid
998 3730 1063 3795 cibi
1086 3730 1139 3794 vel
1162 3737 1259 3816 potus
1275 3734 1380 3819 eapie-

330 3836 397 3911 bat,
442 3832 522 3898 hinc
566 3833 644 3898 inde
682 3832 864 3912 transibat3
901 3834 989 3897 unde
1027 3839 1202 3899 temeratae
1245 3837 1382 3903 arterias

329 3934 510 4020 complures
533 3935 728 4011 asserebant,
752 3934 792 3999 dc
815 3934 887 3999 rita
913 3935 983 4020 ejus
1016 3934 1199 4000 diffidentes
1211 3960 1219 4014 ;
1249 3941 1284 4000 et
1312 3959 1379 4015 nos,

330 4041 493 4122 quantum
527 4058 570 4100 ex
603 4040 774 4121 prospecto
806 4036 943 4100 vulnere
976 4037 1217 4123 perpendimus,
1250 4039 1380 4123 gutturi

330 4139 453 4203 vulnus
490 4137 654 4204 inflictum
691 4137 889 4222 conjicimus.
951 4139 1081 4225 Martyr
1118 4145 1238 4215 autem,
1282 4162 1380 4225 quem

330 4245 448 4324 potens
470 4238 633 4305 Dominus
662 4242 830 4322 potentem
855 4238 940 4316 fecit,
964 4240 1051 4305 infra
1081 4240 1182 4305 trium
1205 4239 1381 4307 hebdoma-

331 4341 448 4406 darum
486 4340 696 4406 intervallum
734 4344 884 4407 ornatum
915 4362 990 4406 eum
1029 4342 1242 4410 Cantuarianr
1282 4344 1380 4408 desti·
1447 4392 1452 4401 .

330 4442 434 4509 navit
