3316 6240
388 776 454 839 228
723 790 902 841 MmacULA
924 792 951 841 s.
974 792 1111 853 moun,
1306 777 1384 860 [um.
1400 791 1436 838 11.

388 985 406 1011 “
428 978 549 1043 bratim
564 999 702 1063 puerum
719 978 874 1044 divellere
891 1001 989 1064 quam
1005 980 1046 1042 de
1061 978 1136 1042 sinu
1151 983 1280 1042 naturae
1295 976 1438 1041 nexibus

389 1087 406 1113 “
428 1081 496 1144 suis
519 1080 713 1146 obvolutum
736 1081 933 1167 protrahere.
972 1081 1113 1166 Jamque
1129 1081 1203 1166 plus
1219 1101 1313 1165 ecquo
1329 1084 1438 1165 partes

388 1180 584 1266 “tegendas
617 1181 847 1267 fatigaverant,
889 1182 1038 1267 improba
1071 1203 1171 1246 manu
1206 1180 1438 1246 sollicitudinis

387 1287 404 1314 “
426 1286 550 1346 secreta
571 1286 699 1346 naturae
722 1287 936 1367 provocantes
966 1289 1006 1346 ut
1028 1303 1157 1347 omnem
1188 1287 1314 1347 tactum
1342 1302 1437 1366 puer-

387 1389 405 1416 “
426 1403 506 1466 pera
527 1384 700 1469 refugeret,
717 1389 752 1447 et
774 1384 1056 1468 quotienscunque
1079 1406 1197 1447 manus
1215 1384 1438 1457 admoverent,

386 1491 403 1517 “
425 1484 634 1550 formidolosa
656 1485 819 1551 clamaret.
882 1485 966 1550 Cum
990 1486 1093 1572 igitur
1116 1486 1151 1549 in
1177 1486 1240 1551 hae
1262 1484 1438 1551 afflictione

385 1594 403 1620 “
425 1586 513 1652 diem
535 1594 729 1673 noctemque
761 1610 853 1673 paene
885 1589 1104 1674 transegisset,
1129 1588 1169 1653 de
1192 1588 1265 1653 vita
1288 1587 1438 1652 diffidens

386 1695 404 1723 “
426 1694 573 1754 extrema
595 1690 696 1775 coepit
718 1690 875 1767 ordinare,
900 1691 1006 1757 multa
1027 1692 1161 1777 legans;
1183 1691 1352 1775 complura
1366 1711 1438 1775 pro-

386 1796 403 1822 “
425 1788 498 1873 pria
519 1810 621 1853 manu
641 1789 848 1854 distribuens.
894 1790 1029 1856 Accitus
1044 1798 1079 1855 et
1101 1813 1168 1876 ego,
1193 1791 1279 1856 sicut
1295 1790 1438 1865 decebat,

386 1897 404 1923 “
425 1890 556 1968 adveni,
571 1890 766 1976 advertique
781 1893 925 1956 naturali
941 1893 1151 1978 physicae-que
1167 1893 1304 1958 rationis
1327 1893 1439 1956 indus-

387 1998 404 2025 “
427 1990 499 2067 tria,
528 2012 628 2075 quam
650 1992 813 2077 profiteor,
837 1993 925 2077 quod
948 2016 1115 2079 puerperae
1139 1995 1252 2059 deerat
1277 1994 1439 2058 auxilium

388 2099 406 2127 “
428 2091 494 2156 nisi
516 2094 627 2178 partui
663 2095 896 2179 praecideretur
926 2095 1105 2162 brachium.
1153 2096 1219 2162 Sed
1250 2096 1439 2182 hujusmodi

387 2200 405 2228 “
426 2194 621 2278 persuadere
642 2194 765 2272 nolens,
781 2196 901 2262 animae
924 2196 1088 2283 salutique
1103 2197 1285 2263 laborantis
1300 2197 1439 2262 intendi.

387 2294 597 2361 “Attulerat
638 2303 751 2362 autem
785 2298 873 2363 filius
907 2320 999 2363 meus
1032 2300 1075 2364 ab
1106 2300 1169 2365 hac
1212 2300 1300 2376 urbe,
1341 2320 1440 2384 quam

387 2403 404 2431 “
426 2396 584 2462 orationis
621 2398 729 2483 gratia
772 2398 920 2484 petierat,
955 2421 1076 2485 aquam
1114 2401 1270 2487 martyris
1308 2400 1439 2486 patroni

387 2505 405 2531 “
427 2498 538 2575 vestri,
561 2520 635 2583 quae
670 2500 872 2584 periclitanti
895 2502 1072 2587 propinata
1103 2508 1161 2569 est.
1220 2502 1294 2582 Qua
1317 2508 1439 2587 potata,

389 2599 491 2663 “vix
527 2599 769 2666 interveniente
806 2623 897 2668 mora
931 2625 997 2687 qua
1034 2626 1092 2689 per
1129 2602 1278 2670 modioa¹
1317 2604 1441 2668 labitur

351 2764 355 2769 .
391 2707 408 2734 “
429 2698 518 2777 hora,
551 2701 653 2786 coepit
690 2701 799 2767 infans
836 2704 873 2767 in
906 2705 1042 2769 matrice
1074 2706 1169 2781 verti,
1207 2705 1441 2789 retrahensquc

389 2809 566 2866 “manum
601 2823 700 2887 quam
738 2804 899 2881 emiserat,
932 2806 1084 2890 quamvis
1121 2812 1278 2881 mortuus,
1317 2812 1442 2871 rectum

386 2909 404 2937 “
426 2908 538 2968 tamen
560 2910 752 2971 consecutus
774 2913 825 2971 est
847 2906 995 2971 ordinem
1026 2907 1189 2972 nascendi.
1237 2908 1306 2993 Ego
1329 2912 1441 2971 autem

387 3012 405 3039 ‘⁴
426 3004 470 3070 ab
483 3005 635 3071 abeundo
656 3014 827 3072 revocatus
842 3028 915 3072 sum
930 3015 970 3072 ut
985 3008 1021 3072 in
1037 3015 1191 3093 martyre,
1208 3008 1301 3094 cujus
1316 3008 1441 3073 meritis

388 3114 406 3142 “
427 3106 500 3174 haec
521 3106 653 3185 fiebant,
677 3107 856 3173 Dominum
879 3108 1119 3195 glorificarem.''

557 3346 637 3435 (68.)
661 3347 709 3415 Dc
726 3370 836 3436 puero
857 3356 998 3429 orortuo,
1013 3349 1095 3438 filio
1117 3348 1254 3416 comitis.

220 3518 249 3571 A
264 3514 372 3569 emtor
438 3499 548 3567 “Non
580 3508 631 3568 est
663 3506 808 3591 acceptio
830 3527 1042 3592 personamm
1065 3506 1154 3592 apud
1177 3505 1293 3582 Deum,
1320 3502 1377 3569 sed
1406 3503 1443 3566 in

222 3583 373 3702 ffiffld
393 3609 410 3636 ‘¹
432 3604 521 3667 omni
543 3610 642 3690 geute
666 3606 724 3691 qui
758 3608 855 3672 timet
881 3607 997 3687 Deum,
1021 3608 1075 3674 hic
1105 3613 1257 3693 acceptus
1287 3613 1337 3671 est
1367 3605 1442 3669 illi.''

223 3715 342 3794 euredus
391 3704 470 3770 Non
491 3706 607 3792 abjicit
629 3714 805 3793 potentem,
822 3732 895 3776 cunr
918 3716 953 3776 et
978 3711 1048 3797 ipse
1071 3711 1115 3775 sit
1138 3716 1275 3796 potens3
1297 3730 1363 3772 non
1386 3707 1442 3772 ad-

222 3782 371 3915 g‘ffl'm
391 3806 498 3872 mittit
513 3809 708 3894 quandoque
724 3831 899 3897 pauperem
920 3812 999 3897 quia
1013 3834 1138 3898 pauper
1153 3819 1209 3876 est.
1245 3810 1360 3883 Corda,
1377 3830 1443 3873 non

222 3896 317 3977 Pe'tnb.
328 3925 364 3977 iii.
392 3911 621 3988 conditionem,
652 3912 816 3991 attendit3
850 3932 1073 3997 possessorem,
1106 3934 1172 3976 non
1199 3911 1442 3996 possessionem.

223 3992 314 4110 2³52·
393 4012 430 4077 Si
464 4012 552 4077 enim
578 4012 671 4078 dives
703 4019 738 4078 et
771 4035 895 4100 pauper
932 4015 1049 4080 merito
1082 4015 1248 4078 virtutum
1287 4010 1442 4096 polleant,

392 4118 542 4199 patentes
573 4136 594 4179 a
631 4113 774 4179 Domino
811 4115 1037 4181 indifferenter
1075 4114 1225 4179 exaudiri
1266 4119 1442 4177 morentur.

393 4214 472 4281 Non
493 4214 688 4301 praejudicat
709 4215 788 4282 huic
809 4222 993 4302 paupertas,
1017 4237 1084 4280 non
1107 4215 1156 4279 illi
1178 4214 1328 4281 facultas
1376 4215 1443 4301 Igi-

392 4321 449 4381 tur
485 4317 710 4402 unusquisque
747 4318 880 4383 studeat
917 4317 1043 4403 placcre
1080 4315 1151 4381 Deo
1190 4322 1309 4393 mente,
1344 4316 1444 4381 verbo

392 4422 522 4504 satagat
544 4418 671 4503 operari
694 4419 772 4494 Deo,
796 4423 835 4483 ut
857 4423 892 4483 ot
914 4418 1006 4484 Deus
1027 4424 1180 4504 operetur
1202 4441 1262 4505 pro
1285 4441 1332 4485 eo.

824 4644 833 4679 ¹
846 4644 1013 4711 permodico?
