3316 6240
388 776 453 840 464
720 789 900 840 maecum
922 791 947 838 s.
971 790 1111 849 rsoun,
1295 775 1374 859 [ma.
1391 791 1440 841 vr.

387 979 445 1037 est.
501 973 659 1058 Oportuit
693 975 782 1038 enim
819 974 988 1041 mediante
1026 979 1171 1060 martyre
1205 979 1245 1039 ut
1275 981 1310 1040 et
1341 975 1440 1040 homo

386 1081 572 1140 servaretur
595 1076 766 1153 indemnis,
798 1077 1065 1162 peregrinaturus
1094 1076 1137 1141 ad
1168 1083 1356 1162 martyrem,
1378 1099 1441 1143 nec

387 1176 484 1242 homo
507 1177 720 1243 damnaretur
742 1178 935 1264 deprecatus
958 1178 1001 1242 ad
1023 1183 1211 1264 martyrem.

452 1428 531 1515 (61.)
555 1428 602 1494 De
620 1450 722 1516 porco
744 1429 808 1514 qut
829 1428 1065 1516 quaaraqtua
1086 1428 1203 1497 diebus
1223 1435 1379 1496 cromeras

677 1530 899 1617 trwomuptus
921 1531 1080 1599 invectus
1102 1538 1154 1598 est.

212 1687 306 1766 dria,
353 1654 362 1672 ο
432 1685 520 1750 Villa
557 1693 608 1751 est
643 1688 680 1751 in
717 1688 907 1773 episcopatu
946 1689 1167 1755 Heboraoensi
1205 1711 1279 1773 quae
1317 1689 1440 1754 dicitur

212 1770 360 1871 ssffimfor
387 1786 604 1854 Hardintona.
660 1788 735 1869 Qua
767 1797 959 1856 construens
993 1791 1150 1876 capellam
1182 1791 1271 1855 beati
1303 1789 1438 1856 Thomae

212 1886 370 2003 wfflg}
387 1889 588 1956 Godefredus
621 1892 801 1958 monachus
835 1892 1111 1959 Pontefractensis
1144 1892 1294 1968 ccclesiae,
1329 1899 1438 1957 custos

211 1968 368 2070 ξῖῃρὲω
386 1991 457 2057 Deo
491 1993 685 2058 devotarum
715 1994 1012 2061 sanctimonialimn
1043 1993 1189 2078 ejusdcm
1223 1993 1320 2070 villae,
1354 1994 1438 2057 Tur-

211 2084 368 2200 tffiffinss·
386 2094 456 2179 giso
488 2094 619 2160 cuidam
651 2095 798 2180 operario
833 2096 926 2160 dedit
959 2118 1018 2180 pro
1051 2096 1198 2161 mercede
1231 2095 1352 2160 laboris
1384 2095 1438 2160 sui

210 2185 347 2280 „etms
386 2215 520 2279 porcum
553 2194 594 2260 de
628 2195 849 2260 oblationibus
881 2195 1002 2281 populi.
1059 2195 1164 2276 Quem
1196 2217 1270 2260 cum
1303 2195 1438 2260 domum

209 2280 279 2359 5⁰⁸5
290 2283 353 2347 ‘¹⁸5⁸
387 2317 481 2362 suam
503 2296 643 2382 ligatum
666 2318 765 2382 super
790 2296 981 2381 jumentum
1009 2318 1105 2361 suum
1128 2297 1327 2374 transferret,
1350 2297 1437 2382 pori-

84 2357 92 2371 ·
211 2349 376 2425 mcorrupted

80 2472 84 2477 ¹
211 2479 325 2532 Wharlc.

210 2411 369 2466 inthenvcr
387 2397 505 2463 clitans
527 2398 562 2461 in
592 2418 680 2482 aqua
711 2418 785 2482 quae
820 2398 941 2463 dicitur
964 2398 1060 2463 Werf
1089 2397 1217 2482 abjecit,
1250 2404 1284 2463 et
1317 2398 1438 2483 objecit

386 2497 526 2584 martyri
548 2498 641 2584 cujus
665 2499 754 2584 operi
777 2499 991 2564 insudaverat
1014 2500 1093 2584 quia
1115 2499 1222 2585 pretio
1244 2498 1365 2565 laboris
1385 2499 1437 2563 sni

258 2653 280 2693 n
386 2601 579 2686 privaretur.
626 2600 780 2666 Evadens
806 2606 917 2666 autem
951 2600 1139 2686 periculum,
1163 2601 1257 2666 fratri
1280 2602 1437 2687 pmedicto

382 2703 547 2788 jacturam
577 2722 671 2768 suam
703 2702 872 2768 indicavit.
929 2702 995 2783 Qui
1029 2724 1103 2768 cum
1134 2708 1374 2788 compateretur
1396 2703 1437 2780 ei,

388 2804 502 2869 volens
523 2803 623 2869 aliam
646 2825 877 2890 supererogare
893 2805 1081 2881 mercedem,
1102 2812 1118 2839 “
1131 2804 1234 2881 Non‚''
1256 2805 1313 2880 ait,
1338 2813 1437 2890 “pre-

389 2915 405 2941 “
428 2906 513 2971 tium
543 2905 667 2991 duplex
694 2906 920 2991 accipiendum
943 2912 995 2972 est
1016 2905 1125 2971 mihi.''
1172 2906 1200 2971 Ο
1224 2906 1333 2970 virum
1355 2927 1437 2991 pau·

385 3029 504 3093 peram,
527 3007 585 3072 sed
617 3012 812 3093 paupertate
845 3028 906 3072 sua
939 3012 1139 3084 contentum,
1166 3012 1201 3072 et
1234 3007 1438 3092 paupertatis

385 3109 495 3175 fructu
521 3130 589 3174 non
618 3107 833 3173 frustratum!
890 3108 979 3174 Nam
1010 3114 1085 3194 post
1118 3108 1337 3194 quadraginta
1367 3109 1438 3174 dies

385 3212 522 3277 audiens
545 3210 624 3296 quia
646 3231 702 3274 sus
733 3231 812 3274 suus
843 3214 1023 3296 appareret,
1046 3209 1131 3275 abiit
1160 3209 1203 3275 ad
1236 3210 1343 3275 locum
1371 3232 1437 3295 quo

385 3315 573 3378 submersus
588 3317 773 3388 emerserat,
790 3318 825 3376 et
847 3312 934 3377 sicut
956 3312 1096 3398 ligatum
1111 3310 1275 3396 abjecerat
1297 3311 1434 3390 invenit,

386 3415 536 3500 quamvis
568 3419 746 3491 mortuum,
782 3418 894 3480 tamen
927 3418 1098 3490 recentem,
1132 3419 1290 3498 tanquam
1321 3412 1435 3478 eodem

385 3517 439 3582 die
472 3515 683 3591 trucidatum,
717 3521 751 3580 et
780 3537 822 3580 ne
853 3536 920 3580 uno
951 3515 1019 3600 pilo
1051 3515 1260 3579 diminutum.
1308 3514 1435 3580 Intelli-

384 3639 528 3706 gensque
551 3618 630 3703 quia
652 3639 744 3682 suem
768 3616 830 3681 sibi
858 3622 1020 3682 servasset
1049 3623 1177 3702 martyr
1199 3616 1433 3702 incorruptum,

384 3721 420 3783 in
450 3740 546 3783 usum
580 3718 627 3783 rei
657 3717 829 3783 familiaris
863 3717 1077 3793 exenteravit,
1109 3717 1244 3803 ipsaque
1267 3717 1433 3795 intestina,

384 3826 479 3888 tanto
502 3825 647 3906 tempore
670 3825 869 3896 conservata,
892 3819 1013 3886 mensis
1035 3819 1103 3884 suis
1126 3820 1313 3885 reservavit.

419 4073 498 4159 (62.)
523 4070 571 4139 De
593 4068 752 4157 ampulla
773 4066 939 4155 cumpca
961 4091 1036 4156 quac
1053 4070 1100 4163 'io
1122 4070 1200 4158 tque
1222 4071 1396 4160 liquescere

802 4192 874 4236 uon
892 4170 1014 4256 potuit.

209 4342 355 4405 Antiqof
429 4330 605 4396 Fundebat
642 4327 850 4414 Augustinus
888 4327 1030 4411 quidam,
1070 4328 1153 4392 civis
1187 4328 1432 4404 Londoniensis‚

207 4409 358 4526 fflpssngou
383 4433 465 4500 artis
487 4432 619 4498 fusoriae
646 4430 780 4516 peritus,
804 4433 931 4494 veteres
961 4429 1130 4514 ampullas,
1153 4436 1194 4493 ut
1216 4451 1258 4494 ex
1289 4430 1433 4495 confusis

207 4539 365 4621 meltaphiu
383 4556 486 4601 novas
508 4533 676 4619 effigiaret,
700 4551 790 4598 sacro
808 4529 992 4595 ministerio
1014 4529 1183 4616 cultuiquc
1203 4531 1320 4597 divina
1340 4532 1432 4597 dedi·

207 4607 293 4726 ffl
302 4608 365 4727 {¹3¹0
383 4636 512 4715 candus,
546 4634 741 4719 addiditque
773 4631 901 4717 aliquot
924 4653 966 4697 ex
989 4632 1130 4699 vasculis
1160 4633 1240 4699 novi
1273 4634 1430 4718 martyris
