3316 6240
364 741 428 805 232
697 754 878 805 sirmeum
900 756 925 804 s
949 755 1088 817 raons,
1284 742 1363 825 [ns.
1381 760 1417 808 11.

121 968 124 973 ·
194 958 333 1023 flinsppe-
362 941 525 1027 leguntur.
558 941 649 1005 -Seu
680 964 754 1006 cum
785 943 849 1008 iter
878 942 1149 1029 peregrinationis
1179 943 1344 1028 arriperet,
1369 967 1418 1008 re·

196 1024 325 1155 {why
364 1043 523 1107 stituentc
561 1042 657 1108 beato
695 1043 827 1119 Thema,
866 1045 960 1129 cujus
996 1043 1104 1129 gratia
1141 1044 1419 1129 peregrinabatur,

197 1158 307 1223 demea.
365 1144 489 1229 pariter
510 1144 696 1228 appetitum
719 1146 848 1228 recepit.
896 1145 1043 1209 Docebat
1063 1144 1152 1208 cnim
1176 1145 1362 1209 devotionis
1385 1152 1419 1210 et

365 1245 475 1311 aetatis
497 1245 614 1309 merito
637 1246 807 1331 peregrino
833 1246 959 1330 juniori
985 1245 1111 1311 victum
1134 1246 1274 1323 restitui,
1298 1268 1339 1311 ne
1363 1247 1416 1311 de·

365 1346 497 1415 ficiente
518 1346 641 1414 viatico
663 1348 814 1413 deficeret
836 1347 871 1412 in
894 1347 957 1413 via.

666 1563 745 1650 (70.)
768 1566 817 1631 De
834 1564 954 1651 puella
975 1572 1119 1631 artesano.

198 1709 359 1771 Avensaor
412 1702 514 1790 Virgo
537 1702 590 1767 cui
621 1722 740 1766 nomen
762 1701 913 1777 Avelina,
941 1700 1010 1765 filia
1042 1700 1193 1766 Gaufridi
1216 1706 1250 1767 et
1272 1701 1419 1765 mulieris

198 1776 346 1894 fflffl,
368 1803 501 1880 Emmae,
524 1802 706 1888 aegrotavit,
739 1802 914 1878 obmutuit,
945 1808 980 1865 et
1013 1822 1072 1887 pro
1104 1807 1190 1866 sorte
1222 1802 1418 1867 conditionis

198 1907 304 1959 nanno
366 1904 519 1969 humanae
543 1902 687 1967 decessit.
734 1902 798 1967 Cui
821 1922 895 1967 cum
919 1902 1031 1966 debita
1053 1908 1247 1986 pararentur
1269 1902 1418 1986 exsequi-

197 1974 344 2106 mi&
364 2004 439 2081 alia,
473 2025 663 2089 persuasum
697 2008 748 2067 est
784 2003 891 2078 matri,
925 2009 959 2066 et
992 2003 1087 2066 vovit
1118 2003 1266 2088 martyri,
1299 2004 1418 2079 dicens,

366 2116 382 2142 ‘¹
405 2106 460 2171 Me
483 2107 630 2181 ducente,
654 2104 752 2169 nudis
778 2104 917 2191 pedibus
947 2103 1160 2190 proficiscens,
1185 2112 1219 2169 et
1241 2105 1345 2169 laneis
1368 2105 1418 2167 in-

365 2218 382 2245 “
405 2210 494 2284 duta,
530 2207 665 2273 sistetur
695 2212 774 2271 ante
806 2228 889 2283 eum,
923 2206 1099 2271 dummodo
1133 2208 1288 2273 restituat
1319 2207 1418 2272 eam.’‘

364 2312 450 2376 Mira
472 2332 543 2389 res;
572 2310 617 2376 ad
648 2329 768 2373 nomen
794 2309 950 2393 martyris
973 2314 1007 2374 et
1038 2310 1179 2395 suspiria
1211 2309 1326 2373 matris
1349 2331 1418 2372 sus-

363 2411 449 2498 piria
479 2411 549 2475 filia
580 2409 675 2474 fudit.
733 2408 1002 2474 Acclamantibus
1029 2411 1059 2475 ci
1091 2410 1138 2475 eis
1169 2409 1227 2495 qui
1254 2410 1418 2483 astabant,

363 2517 403 2577 ut
440 2513 597 2578 clamaret
621 2511 665 2576 ad
694 2511 829 2574 beatum
861 2509 1030 2586 Thomam,
1069 2511 1126 2594 qui
1159 2510 1304 2575 salvant
1337 2532 1418 2587 eam,

364 2613 541 2699 respondit,
566 2622 582 2648 “
593 2612 659 2679 Sed
680 2612 724 2676 ad
747 2611 914 2677 dominam
927 2612 961 2691 ;''
984 2612 1173 2697 intelligens
1195 2613 1326 2677 beatam
1348 2614 1418 2677 Ma-

364 2716 455 2781 riam.
502 2714 643 2780 Etcum
666 2714 828 2780 instarent
851 2720 947 2778 utet
977 2714 1146 2779 invocaret
1175 2714 1310 2779 beatum
1333 2714 1417 2779 The-

364 2838 460 2894 mam,
495 2815 599 2893 “Em''
631 2816 688 2892 ait,
723 2815 803 2880 “hie
837 2814 913 2879 est.''
975 2815 1019 2880 Et
1052 2815 1229 2880 videbatur
1262 2816 1292 2880 ei
1331 2816 1417 2901 quod

363 2917 448 2984 albis
481 2917 620 2982 indutus
652 2921 784 2982 astaret.
841 2916 980 2980 Intuens
1010 2921 1122 2980 autem
1156 2920 1306 3000 pateret
1329 2917 1417 3002 rugi-

364 3036 422 3084 ens
442 3018 478 3081 in
494 3018 613 3083 eoelum
635 3016 761 3102 palmas
784 3015 951 3101 expandit,
974 3015 1092 3092 diesne,
1117 3016 1183 3081 “Si
1206 3022 1240 3081 et
1260 3016 1372 3081 lumen
1387 3017 1417 3083 ei

365 3127 382 3154 “
404 3119 562 3195 redderes,
586 3118 681 3183 beate
712 3117 846 3193 Thema,
869 3118 992 3202 absque
1023 3117 1280 3182 contradictione
1302 3123 1417 3202 poten-

366 3221 553 3285 “tissimus
590 3241 682 3285 esses.
743 3219 865 3296 Redde,
897 3219 1068 3284 familiaris
1105 3218 1277 3295 altissimi,
1309 3220 1415 3293 redde,

366 3331 383 3357 “
406 3342 535 3387 consors
566 3321 689 3387 civium
719 3341 942 3406 supernorum,
965 3325 1041 3406 post
1067 3321 1180 3385 lumen
1202 3322 1282 3386 vite
1304 3321 1416 3386 lumen

366 3430 383 3457 “
405 3421 599 3487 oeulomrn.'’
644 3420 718 3487 Hoc
741 3421 869 3486 dicebat
892 3422 970 3506 quia
991 3421 1077 3487 oculi
1104 3422 1174 3507 ejus
1198 3421 1234 3484 in
1256 3422 1416 3507 lacrymas

366 3522 571 3587 effluxerunt.
618 3521 706 3601 Quid
727 3544 809 3607 opus
832 3527 882 3587 cst
905 3522 1094 3607 prolixitate
1109 3522 1289 3607 loquendi?
1335 3524 1416 3589 Gia-

366 3624 416 3689 tia
437 3622 606 3709 praevenit,
621 3623 730 3709 gratia
744 3624 961 3708 subsequitur.
1007 3624 1183 3689 Damnatis
1206 3625 1416 3691 interioribus

366 3727 510 3793 tenebris
542 3726 742 3791 damnantur
773 3731 807 3791 et
838 3726 1020 3791 exteriores
1079 3726 1167 3790 Nam
1202 3750 1275 3812 qum
1307 3727 1417 3793 clausa

366 3834 460 3895 erant
482 3828 518 3892 in
540 3834 645 3893 morte
660 3827 744 3903 cilia,
768 3832 954 3893 reserantur
984 3828 1020 3891 in
1046 3828 1125 3894 vita.
1172 3828 1254 3897 Haec
1276 3830 1312 3895 in
1335 3830 1415 3897 cele·

365 3930 441 3997 bri1
464 3934 562 4017 po1tu
584 3928 803 3995 Barba-fluvii
825 3934 899 3995 acta
921 3934 1006 3995 sunt.

591 4159 671 4245 (71.)
695 4159 742 4225 Dc
764 4158 929 4226 submoue
943 4158 1024 4245 salio
1045 4158 1176 4225 scibitis.

199 4332 317 4393 nichita
411 4318 557 4383 Vovcrat
579 4314 673 4380 miles
695 4315 735 4380 de
760 4316 873 4380 Monte
896 4315 976 4380 Alto
998 4337 1032 4380 se
1055 4315 1171 4380 limina
1193 4316 1307 4383 Sancti
1331 4318 1416 4385 Tho-

199 4400 332 4533 ffigffizf
367 4442 430 4501 mre
452 4419 666 4483 visitaturum
689 4438 763 4482 eum
793 4416 862 4481 filio
892 4438 951 4482 suo
974 4416 1121 4495 Ricard0‚
1145 4419 1332 4504 quindecim
1355 4422 1415 4486 cir-

782 4608 790 4643 ¹
808 4607 921 4672 celebris,
933 4609 990 4663 MS.
