3316 6240
370 736 435 800 392
705 745 884 796 umrcum
907 747 934 795 s,
957 746 1095 806 rrrorrm,
1291 728 1370 816 [nm.
1387 745 1420 797 v.

369 935 400 1001 ei
430 939 588 1019 tanquam
620 932 730 1007 minus
764 936 870 997 cautae
902 931 1060 997 damnum
1095 952 1192 995 ouum
1224 932 1420 1019 imputabat,

368 1038 412 1103 ad
445 1042 561 1102 notum
599 1034 760 1101 familiare
798 1034 990 1119 suffragium
1022 1033 1168 1112 recurrit,
1203 1034 1421 1121 baculumque

369 1138 538 1223 arripiens,
577 1157 675 1221 quem
720 1156 819 1220 super
856 1134 1042 1219 sepulcrum
1088 1136 1245 1222 martyris
1286 1135 1421 1203 Thomae
1457 1205 1464 1219 ,

369 1239 495 1327 pridem
526 1238 698 1324 peregrina
719 1241 880 1321 posuerat,
908 1257 995 1321 aqua
1016 1236 1170 1321 perfudit,
1193 1242 1228 1302 ct
1250 1258 1322 1302 eam
1345 1260 1420 1304 cum

369 1344 462 1429 signo
485 1340 589 1408 crucis
611 1340 660 1405 ori
684 1339 778 1404 bovis
800 1338 932 1403 infudit
979 1338 1045 1417 Qui
1067 1339 1224 1405 continuo
1248 1346 1349 1426 caput
1363 1364 1419 1407 ex·

369 1444 497 1509 cutiens
530 1441 574 1506 ad
603 1461 738 1506 manum
762 1439 909 1504 mulieris
931 1438 1057 1523 aliquid
1088 1440 1200 1525 pabuli
1224 1442 1421 1528 porrigentis

368 1547 517 1632 linguam
559 1543 718 1622 admovit,
756 1547 790 1609 et
832 1542 868 1608 in
906 1542 1006 1631 pedes
1044 1547 1169 1610 erectus
1192 1544 1420 1632 ⁴deambulero

244 1655 246 1660 “
369 1647 479 1747 ooepit.

528 1860 608 1946 (25.)
633 1859 680 1925 Dc
702 1857 856 1926 coloraba
878 1880 984 1946 quam
1004 1858 1101 1925 crioil
1121 1865 1263 1946 owotyr.

201 2034 341 2087 Amor
414 1992 519 2061 Stetit
540 1993 593 2056 vir
613 1992 658 2057 ad
680 1992 829 2058 tumbam
853 1992 1009 2077 martyris
1031 1992 1156 2057 habens
1178 2014 1246 2077 pree
1269 1993 1421 2058 manibus

202 2102 354 2164 numerem,
369 2116 476 2162 ceram
510 2115 609 2179 quam
632 2094 669 2158 in
701 2093 861 2160 columbae
883 2093 1025 2178 speciem
1057 2092 1266 2180 effigiaverat.
1312 2093 1420 2159 inter·

201 2169 357 2301 {mg
368 2195 561 2284 rogarem
584 2195 679 2261 noers
695 2195 776 2280 quid
798 2194 959 2260 novitatis
981 2193 1121 2272 offane,
1146 2194 1340 2272 “revocor
1363 2196 1420 2273 ait,

201 2302 356 2363 roseumve,
369 2307 386 2334 “
409 2304 444 2365 et
457 2299 566 2387 gratia
588 2297 702 2374 sancti,
718 2297 772 2362 cui
794 2301 908 2362 teneor
924 2318 965 2360 ex
981 2296 1149 2381 promisso,
1165 2317 1186 2362 a
1201 2297 1420 2362 transmarino

200 2366 346 2485 &221³
369 2408 386 2435 “
409 2400 486 2478 loco,
510 2399 568 2485 qui
602 2397 798 2465 Humeroles
831 2402 1050 2484 nuncupatur,
1073 2419 1125 2463 me
1159 2398 1219 2464 hoa
1253 2398 1289 2463 in
1311 2404 1422 2484 partes

176 2514 312 2616 ruff,
370 2510 387 2538 “
408 2501 615 2589 appulerrmt
662 2500 809 2566 Fuerant
838 2498 1002 2585 siquidem
1024 2500 1107 2563 mihi
1135 2500 1234 2585 pedes
1267 2507 1419 2586 pennatae

201 2566 340 2685 affl
369 2611 386 2639 ‘⁸
408 2603 577 2669 columboe.
636 2600 784 2681 Quarum
817 2621 918 2667 unam
952 2622 1027 2666 cum
1064 2601 1198 2688 paribus
1232 2601 1300 2666 suis
1331 2605 1420 2667 canis

370 2713 388 2740 “
410 2705 574 2794 mordicus
590 2703 788 2780 abstulisset,
811 2703 947 2780 indolui,
962 2708 997 2769 et
1018 2703 1098 2781 dixi,
1123 2704 1272 2790 ‘Martyr
1286 2704 1420 2784 Thoma,

369 2816 388 2843 “
410 2806 532 2874 ‘redde
555 2806 638 2871 mihi
659 2805 843 2872 columbam
867 2826 965 2891 quem
988 2806 1174 2891 perdidici
1195 2827 1320 2873 ceream
1336 2808 1421 2874 dabo

370 2917 388 2945 “
409 2907 513 2974 ‘tibi’
576 2907 726 2973 Audiens
763 2911 869 2972 mater
905 2928 979 2973 mea
1023 2928 1186 2972 sermones
1222 2907 1419 2994 hujusmodi,

369 3010 595 3097 “increpavit
623 3031 686 3075 me.
745 3007 842 3073 ‘Non
873 3006 1020 3093 oportet,’
1054 3007 1172 3093 inquit,
1197 3017 1307 3074 ‘orare
1333 3010 1421 3095 quod

369 3120 386 3146 “
409 3116 563 3177 ‘mortua
599 3109 662 3175 tibi
700 3108 884 3185 indetur,
915 3108 973 3173 eed
1010 3108 1143 3174 comede
1180 3114 1352 3187 mortuam,
1387 3117 1422 3177 et

369 3222 387 3249 “
409 3223 418 3249 ‘
440 3218 515 3300 pete
537 3212 599 3278 tibi
632 3210 763 3276 vivam!
808 3210 927 3295 Itaque
949 3231 1024 3275 cum
1056 3210 1118 3278 hoc
1148 3231 1282 3291 orarem,
1313 3213 1419 3278 dicam

369 3315 498 3401 “quod
535 3313 663 3391 accidit,
696 3319 732 3379 et
768 3312 906 3377 verbum
944 3312 1107 3380 mendacii
1144 3334 1212 3378 non
1248 3335 1419 3400 apponam.

368 3426 386 3453 “
409 3416 569 3498 Quaedem
591 3415 677 3481 varii
707 3414 822 3481 coloris
845 3406 997 3481 columba
1018 3415 1054 3479 in
1077 3414 1279 3482 domicilium
1309 3438 1418 3481 meum

368 3527 385 3556 “
407 3520 546 3586 abacto
568 3518 701 3604 delapsa
722 3522 780 3595 est,
804 3538 902 3602 quam
926 3540 967 3582 ex
991 3517 1118 3585 modica
1139 3517 1240 3582 medii
1262 3520 1418 3604 temporis

368 3631 386 3658 “
408 3627 484 3708 post
505 3619 686 3687 orationem
714 3619 958 3685 interventione
988 3619 1145 3705 martyris
1167 3641 1236 3685 esee
1269 3641 1337 3686 non
1359 3623 1419 3686 du-

368 3733 385 3760 “
407 3724 488 3790 bito.
533 3723 630 3790 Hunc
652 3721 900 3808 apprehendens
924 3722 1043 3808 (neque
1065 3723 1154 3787 enim
1184 3728 1311 3790 tactum
1333 3725 1419 3790 refu-

369 3837 386 3864 “
407 3828 533 3914 glebat)
572 3826 699 3893 arcteris
742 3826 905 3892 sororibus
950 3826 1134 3912 aggregavi.
1198 3825 1335 3912 Quoque
1379 3829 1419 3894 de

368 3937 386 3965 “
408 3927 534 3996 coelesti
557 3949 691 3993 munere
714 3927 824 3991 minue
846 3926 891 3990 sit
912 3926 1155 4012 ambigendum,
1177 3928 1298 3994 accidit
1322 3929 1419 4015 paulo

368 4041 385 4066 “
407 4035 483 4117 poet
512 4030 646 4094 domum
680 4049 787 4093 meam
810 4032 844 4091 et
866 4026 1032 4093 columbas
1054 4050 1129 4094 cum
1152 4030 1249 4095 rebus
1271 4030 1344 4095 aliis
1367 4031 1418 4094 irr-

368 4131 522 4198 “cendio
546 4128 629 4193 mihi
660 4128 815 4214 deperire,
839 4149 911 4193 ecm
944 4136 1057 4195 autem
1080 4151 1180 4215 quam
1210 4135 1337 4215 martyr
1363 4132 1418 4195 dc-

367 4242 384 4268 “
407 4233 509 4310 derat,
532 4230 772 4298 incombustam
797 4231 1019 4308 conservabat,
1049 4231 1148 4316 jam1
1180 4231 1345 4298 duntaxat
1376 4255 1418 4297 ex

366 4342 383 4369 “
406 4334 558 4399 omnibus
592 4333 623 4397 ei
654 4332 773 4398 sociem
812 4331 1007 4417 relinquens,
1038 4354 1080 4397 ne
1111 4333 1249 4399 fortasse
1281 4333 1351 4399 sola
1384 4340 1419 4399 et

367 4444 384 4469 “
407 4435 553 4501 desolata
574 4432 839 4518 relinqueretur.''

831 4630 837 4662 ¹
856 4636 949 4679 unam?
