3316 6240
315 746 357 806 82
698 762 779 809 una
803 762 828 809 s.
851 762 988 813 ruerus.

143 950 297 1029 srerbpue
314 938 575 1023 archiepiscopus
598 940 810 1007 Elioraccnsis
843 944 879 1005 in
911 942 1142 1008 Cantuaricnsi
1175 939 1367 1026 provincia,l

145 1016 301 1133 fflffmp
315 1044 430 1105 eontra
452 1041 649 1125 dignitatem
682 1045 824 1109 ecelesia>
849 1044 1097 1111 Cantuariensis
1128 1048 1163 1107 ct
1193 1043 1366 1128 antiquam

147 1150 281 1197 ainomrr
315 1144 591 1221 consuetudinem,
623 1146 853 1211 assistrntiiars
883 1148 947 1211 sihi
977 1147 1172 1232 praesulibus
1202 1146 1366 1211 Londoni-

146 1216 283 1343 Ῑῶῗζζῗῇ,
315 1246 393 1319 ensi,
418 1245 665 1323 Saresben'ensi,
689 1254 724 1312 et
751 1250 906 1325 Roffcnsi,
930 1272 989 1315 nec
1007 1250 1065 1333 jus
1087 1246 1369 1313 Dorobclnensis²

149 1348 236 1405 ΗΜ·
315 1347 457 1413 ccclesia>
494 1351 760 1433 protestantibus,
800 1352 852 1416 cui
901 1352 940 1416 de
978 1352 1054 1435 jure
1092 1355 1127 1415 et
1164 1350 1366 1435 subjectione

314 1448 486 1535 suffragari
508 1451 713 1515 tenebantur.
760 1452 913 1536 Dumque
943 1452 979 1514 in
1002 1451 1205 1537 promotione
1231 1450 1367 1514 alterius

313 1550 382 1634 regi
419 1550 590 1615 blanditur
630 1552 770 1637 utrique,
803 1552 991 1637 furorisque
1029 1550 1192 1616 lenocinio
1229 1554 1367 1635 praestat

314 1650 514 1735 ‹ih-requiam,
553 1652 663 1715 minus
694 1653 874 1717 Dominum
920 1657 1052 1717 veretur
1084 1659 1118 1716 ct
1152 1671 1366 1716 successorem

311 1753 532 1837 apostolorum
571 1754 808 1820 Alexandrum.
876 1755 1096 1820 Prohibucrat
1128 1753 1291 1837 siquidem
1324 1773 1367 1815 nc

311 1858 355 1921 ad
370 1858 483 1923 debita
498 1858 745 1925 Cantuaricnsis
760 1861 906 1927 ecclesia
921 1882 1058 1925 manum
1074 1880 1169 1925 suam
1185 1858 1367 1945 porrigeret

314 1962 350 2021 et
371 1959 477 2023 filium
501 1961 585 2045 regis
608 1967 784 2027 coronaret.

343 2208 423 2291 (74.)
448 2207 581 2273 Littcrru
604 2209 797 2274 Alere-iniri
815 2230 919 2295 pepcc
942 2208 989 2274 ed
1012 2207 1177 2295 episcopos
1199 2204 1344 2291 Anplr'ei,

585 2333 628 2375 aa
649 2308 987 2395 comitarent'silium
1009 2308 1104 2395 repis.

148 2466 233 2516 letter
243 2466 274 2515 of
355 2464 471 2519 “Illius
489 2464 642 2533 dignitatis
664 2472 693 2520 ct
711 2465 888 2537 majoritatis
906 2466 1060 2520 ecclesiam
1073 2461 1313 2519 cantuariensem
1331 2460 1368 2515 ab

146 2533 190 2581 the
203 2548 276 2595 pope,
320 2548 339 2571 “
359 2548 480 2617 antiquo
512 2547 602 2601 fuisse
627 2550 816 2619 eognovimus
849 2554 883 2602 ut
913 2566 998 2617 reges
1025 2547 1143 2618 Angliru
1175 2545 1212 2600 ab
1236 2543 1367 2617 ejusdem

149 2599 292 2663 fi’rb'd‘hnss
320 2632 339 2655 “
359 2629 489 2684 ccclesias
501 2632 728 2701 archiepiscopis
742 2631 845 2701 inungi
860 2650 976 2701 semper
990 2630 1204 2693 consueverint,
1217 2635 1247 2684 ct
1259 2630 1290 2683 in
1303 2645 1368 2699 pro·

147 2664 281 2779 {iiiam
320 2714 338 2737 ‘⁴
358 2712 567 2767 motionissuru
579 2713 723 2783 principio
742 2714 883 2767 coronari.
923 2712 1049 2765 Proinde
1069 2711 1213 2782 siquidem
1232 2708 1368 2780 estquod

147 2809 297 2873 'rhomam
318 2797 338 2823 ‘⁴
357 2813 410 2849 nos
433 2802 496 2850 tum
520 2814 555 2849 ex
584 2797 671 2851 ossicii
697 2795 791 2851 nostri
815 2796 912 2849 debito
940 2802 1003 2849 tum
1027 2794 1260 2849 consideratione
1283 2810 1369 2847 venc-

148 2878 256 2961 Qash
319 2879 460 2933 “rabilis
484 2878 584 2934 fratris
610 2880 705 2934 nostri
730 2879 858 2941 Thamar,
886 2877 1020 2947 ejusdcm
1044 2877 1123 2930 sedis
1148 2875 1368 2945 archiepiscopi,

149 2942 228 2991 ΨΜ·
318 2965 337 2990 “
356 2964 413 3017 viri
438 2964 583 3035 siquidem
609 2962 752 3033 religiosi,
771 2962 884 3016 honesti
904 2968 990 3033 atque
1008 2961 1137 3025 discreti,
1160 2960 1291 3015 ecciesiae
1306 2960 1368 3029 jam

318 3049 337 3073 “
357 3046 444 3101 dictae
464 3048 534 3118 jura
557 3054 588 3101 et
611 3046 769 3115 dignitates
795 3046 930 3114 antiquas
951 3046 1084 3114 integras
1103 3052 1134 3098 et
1157 3043 1285 3098 illibatae
1302 3060 1369 3097 ecn-

318 3131 337 3155 “
357 3146 474 3183 servaro
498 3130 638 3192 volentes,
664 3128 852 3181 universitati
876 3134 982 3182 vestrm
1007 3127 1180 3181 auctoritate
1210 3124 1369 3194 apiostolica

318 3214 335 3238 “
356 3212 471 3282 ponitus
492 3213 657 3266 inhibemus
684 3229 720 3265 ne
747 3212 902 3281 quisquam
929 3216 1061 3265 vestrum
1085 3226 1160 3263 novo
1192 3207 1259 3279 regi
1286 3223 1367 3262 coro·

318 3296 338 3319 “
355 3293 459 3355 nando,
482 3294 507 3347 si
529 3295 602 3348 sorte
621 3293 669 3347 hic
690 3311 775 3347 casus
796 3292 956 3355 emerserit,
976 3294 1085 3363 absque
1103 3291 1257 3346 memorati
1275 3289 1370 3344 archi-

319 3379 337 3403 “
355 3377 483 3447 episcopi
503 3378 551 3431 vcl
572 3394 773 3431 successorum
795 3395 914 3431 suorum
940 3382 970 3431 ct
995 3376 1124 3431 ecclcsiae
1150 3372 1369 3429 Gantuaricnsis

318 3461 337 3484 “
356 3459 541 3513 conniventia
559 3466 661 3515 contra
680 3461 831 3531 antiquam
857 3459 950 3530 ipsius
970 3460 1146 3529 dignitatem
1165 3464 1196 3513 et
1214 3464 1368 3513 consuetu·

317 3543 336 3566 “
356 3540 454 3595 dinem
466 3560 586 3596 manum
605 3560 749 3613 apponere
771 3543 902 3614 qualibet
920 3542 1067 3597 occasione
1085 3546 1254 3612 praesumat,
1268 3546 1319 3596 aut
1336 3538 1368 3593 id

317 3625 336 3649 “
356 3623 462 3679 audeat
479 3625 661 3695 aliquatenus
681 3625 857 3681 attentare.’'

360 3706 457 3773 Hanc
478 3708 590 3793 itaque
606 3708 774 3773 Romanus
797 3707 945 3794 pontifex
969 3705 1224 3792 prohihitionem
1239 3705 1368 3769 fecerat.

361 3810 572 3877 Eboraccnsis
606 3834 683 3876 vcro
716 3810 931 3875 nihilominus
965 3816 1079 3874 contra
1112 3807 1366 3894 prohibitionem

316 3911 430 3976 falcem
454 3934 546 3977 suam
576 3913 613 3975 in
646 3934 783 3977 messem
813 3912 964 3989 alienam¹
985 3910 1117 3975 mittere
1151 3908 1367 3995 p1aesum1sie.

147 4014 251 4101 sereni-¹
317 4012 361 4074 Et
384 4013 534 4095 quamvis
557 4035 630 4077 cum
655 4036 728 4098 rege
756 4012 906 4077 Jcachim
937 4012 1056 4075 lihrrun
1081 4011 1204 4075 divinar
1226 4031 1368 4095 [irrecep-

146 4086 269 4131 xxvara
316 4112 416 4175 tionis
438 4100 628 4196 litterasque
652 4113 776 4177 dommi
799 4135 892 4199 papiu
922 4134 989 4179 non
1020 4112 1206 4187 combussit,
1229 4117 1263 4175 et
1286 4118 1368 4176 tcm-

315 4214 470 4297 poralitcr
492 4214 598 4299 periit,
621 4236 687 4279 non
715 4215 824 4280 minus
855 4220 966 4280 tamen
992 4215 1144 4279 ditinum
1167 4218 1366 4299 pracceptum

347 4474 480 4533 ¹dr'uuen,
508 4476 534 4522 ia
563 4474 669 4524 rer-iecra
697 4472 811 4523 videlicet
891 4472 901 4504 ²
925 4474 1129 4536 Carrtrcurienria,
1140 4472 1174 4523 V.
1186 4472 1216 4521 L.

313 4552 379 4601 teari
391 4552 462 4601 Petri
477 4552 545 4615 opud
563 4552 811 4613 ti'cctmoaortcrium,

313 4632 347 4679 V.
360 4631 390 4678 L.
