3316 6240
284 814 292 826 ·
380 720 401 782 4
758 736 840 787 vnn
862 739 887 787 s.
911 737 1049 800 monn,

379 917 524 984 fruetum
558 919 762 987 discretionis
806 921 960 1007 pollioeri,
998 921 1151 1008 quamvis
1188 943 1247 1008 pro
1284 922 1424 990 levitate

378 1019 553 1085 curialium
576 1025 649 1088 tum
671 1022 769 1109 nugis
791 1027 863 1087 tum
886 1024 979 1088 seriis
1016 1023 1211 1100 intenderet
1235 1022 1348 1110 eisque
1369 1025 1428 1091 ob

380 1120 556 1188 laetaretur
586 1144 660 1208 quae
685 1124 851 1210 juveniles
873 1125 1000 1191 animos
1022 1146 1137 1211 eapere
1159 1125 1273 1191 solent
1320 1126 1430 1191 Nimi-

381 1244 454 1287 rum
493 1224 694 1310 dispensatio
731 1225 847 1291 divina
892 1248 990 1311 quem
1034 1227 1175 1294 vocabat
1219 1227 1262 1291 ad
1307 1227 1433 1313 majora

381 1324 552 1390 erudiebat
573 1332 608 1391 et
630 1326 803 1392 exercebat
835 1326 872 1391 in
894 1327 1085 1406 minoribus,
1109 1328 1204 1412 quasi
1226 1328 1264 1393 in
1296 1328 1431 1412 quibus·

380 1424 457 1491 dam
480 1425 667 1492 futurorum
689 1428 940 1514 praeparatoriis.

419 1664 475 1749 (2.)
500 1664 547 1730 De
570 1665 814 1732 conversatione
837 1665 908 1751 ejus
930 1687 1009 1734 evan
1025 1667 1177 1755 primate
1202 1666 1393 1735 russata.

266 1824 273 1837 ⁰
331 1854 343 1867 ·
424 1818 513 1885 Nam
536 1821 630 1905 quasi
660 1825 735 1907 post
757 1821 928 1886 biennium
958 1821 1013 1886 vel
1043 1822 1225 1887 triennium
1251 1822 1431 1887 translatus

213 1891 388 1943 mittedinto·
516 1922 523 1935 ·
664 1922 701 1936 ..
885 1923 891 1936 .
1128 1924 1134 1937 .
1335 1923 1342 1938 ,
1405 1922 1424 1938 ,.

212 1957 360 2010 rhenense„
379 1942 416 1985 m
456 1943 580 1987 curram
617 1921 720 1988 fehers
758 1943 924 1989 memorrae
955 1921 1145 2003 Theobaldr,
1186 1924 1432 1990 Cantuarrensrs

82 2026 88 2039 '
212 2023 316 2074 ¹¹⁰¹d0f
379 2023 620 2108 arehiepisoopi,
644 2030 848 2109 promerente
864 2045 924 2089 sua
949 2025 1098 2090 bonitate
1124 2027 1293 2110 gratisque
1316 2024 1432 2090 suffra-

211 2089 367 2209 hfflffip
378 2124 536 2211 gentibus
559 2124 730 2208 obsequiis,
746 2125 835 2189 inter
849 2125 972 2210 primos
988 2130 1023 2189 et
1044 2126 1227 2211 praecipuos
1250 2125 1321 2210 ejus
1336 2125 1431 2191 fami.

379 2225 475 2291 liares
510 2225 546 2289 in
577 2225 671 2290 brevi
702 2226 864 2290 admissus
898 2231 955 2291 est.
1011 2226 1076 2307 Qui
1103 2226 1255 2292 videntes
1286 2249 1362 2293 eum
1395 2227 1432 2291 in

379 2326 630 2393 necessitatibus
646 2327 859 2412 expediendis
875 2327 1056 2413 prudenter
1070 2333 1231 2413 agentem,
1247 2333 1282 2393 et
1297 2329 1431 2394 oonsilio

379 2429 563 2513 providum,
586 2449 661 2493 eum
686 2449 724 2493 eo
754 2428 873 2493 soeiale
903 2428 1011 2493 foedus
1045 2429 1201 2505 inienmt
1224 2429 1431 2496 eondieentes

379 2537 419 2595 ut
441 2531 477 2594 in
499 2530 650 2615 petendis
685 2530 747 2594 sibi
779 2530 946 2595 benefieiis
980 2529 1204 2596 ecelesiasticis
1238 2531 1431 2617 suffragium

211 2643 260 2693 111⁸
272 2661 342 2696 esee
378 2653 476 2696 suum
514 2631 799 2696 eommuniearent
871 2631 976 2696 Erant
1013 2636 1124 2696 autem
1158 2637 1233 2707 tres,
1272 2630 1431 2717 Rogerius

212 2711 292 2829 ξζζζῗ
379 2732 626 2810 Neustriensis,¹
641 2732 786 2798 Joannes
809 2731 1077 2809 Cantuariensis,z
1099 2732 1241 2797 Thomas
1264 2732 1431 2799 hundeni-

379 2836 473 2901 ensis.
521 2835 639 2920 Itaque
665 2856 771 2921 panea
804 2835 926 2920 primas
949 2835 1069 2920 agebat
1092 2833 1211 2919 quibus
1234 2853 1346 2899 omnes
1377 2834 1431 2901 vel

379 2960 465 3003 unus
488 2937 622 3002 existis
645 2959 712 3003 non
735 2937 915 3001 interesset
964 2935 1031 3016 Qui
1053 2942 1231 3021 praesentes
1254 2942 1355 3014 erant,
1371 2957 1431 3022 pro

378 3062 412 3106 se
434 3040 488 3105 vel
511 3061 570 3124 pro
592 3038 784 3115 absentibus
816 3038 960 3124 agebant
972 3061 979 3116 ;
1002 3038 1060 3122 qui
1094 3039 1246 3104 absentes
1268 3043 1370 3115 erant,
1393 3038 1430 3101 in

379 3139 595 3226 praesentibus
617 3138 839 3224 proficiebant.

493 3388 550 3471 (3.)
575 3386 621 3451 De
640 3385 851 3472 promotebne
873 3384 1009 3468 ajusto
1030 3384 1317 3451 orebidioooousm.

96 3608 99 3613 .
210 3553 305 3606 Hebe·
424 3545 522 3611 Unde
553 3566 627 3610 eum
650 3545 769 3611 civitas
793 3540 939 3609 Eboraea
961 3564 1024 3619 suo
1043 3549 1240 3609 vacuaretur
1269 3543 1428 3621 antistite,

210 3636 296 3672 eomes

210 3689 365 3739 arehdeaeon

211 3752 353 3806 oscenter-
379 3750 520 3816 Thomas
552 3749 800 3816 archidiaconus
832 3746 1029 3824 Cantuariae,
1065 3753 1194 3812 creatus
1224 3753 1274 3810 est
1286 3770 1294 3825 ;
1320 3746 1430 3811 forsan

378 3649 551 3714 annitente
566 3648 714 3734 primate,
733 3646 922 3733 R[ogerius]
939 3645 1085 3731 ejusdem
1108 3645 1255 3712 civitatis
1270 3645 1429 3730 pontiferr,

210 3821 283 3937 iffi]
295 3892 366 3939 1153.
379 3860 419 3918 ut
440 3860 586 3938 tempore
610 3873 677 3929 sue,
693 3852 798 3937 gradu
813 3872 880 3927 suo,
896 3850 1031 3934 locoque
1047 3871 1114 3925 suo,
1130 3847 1378 3914 archidiaconus
1393 3848 1430 3911 in

379 3954 657 4040 arehiepiscopum
673 3958 926 4037 promoveretur.
959 3950 1160 4017 Succedente
1175 3955 1251 4035 poet
1265 3949 1429 4014 modicum

211 4056 531 4132 A.D.1154.Henri00,
555 4054 636 4119 duee
671 4052 938 4117 Normannorum
968 4059 1002 4118 et
1024 4052 1224 4137 Aquitaniae,
1260 4049 1428 4136 Stephano

379 4160 448 4246 regi
478 4157 661 4244 Anglorum
693 4156 729 4219 in
763 4177 907 4242 regnum,
932 4155 1135 4221 elaboratum
1167 4160 1217 4218 est
1247 4153 1290 4218 ab
1316 4152 1426 4216 eodeni

378 4263 526 4349 primate,
550 4265 734 4345 suspectam
769 4258 910 4324 habente
942 4259 1021 4323 novi
1055 4257 1141 4342 regis
1166 4253 1427 4331 adolescentiam,

510 4514 518 4546 ¹
536 4511 699 4574 Neutnensis,
710 4514 776 4576 Lup.

508 4594 519 4625 ²
536 4592 695 4644 Attenuards
706 4591 797 4653 bishop
809 4587 838 4638 oi
850 4587 958 4637 Poitiera
969 4587 1021 4636 ond
1031 4585 1183 4651 arehbishop
1196 4584 1228 4636 oi
1235 4583 1328 4648 Lyone.
