3316 6240
370 765 436 829 330
703 780 883 830 nmmum
905 782 929 829 s.
954 782 1092 843 rusus,
1274 766 1351 850 [mn.
1369 784 1414 831 rr.

646 980 726 1065 (18.)
751 981 797 1045 De
820 982 946 1066 leproso
968 980 1136 1045 secerdote.

411 1112 579 1179 «lohannes
613 1115 760 1178 sacerdos
797 1114 876 1178 honi
915 1113 1095 1177 testimonii
1134 1114 1223 1198 apud
1257 1115 1414 1199 oppidum

197 1183 305 1299 ³522*
287 1252 317 1299 of
368 1212 590 1299 Notingeham
607 1215 770 1299 profectus
780 1222 830 1279 est
844 1215 887 1279 ad
902 1216 1091 1279 memoriam
1107 1215 1263 1299 martyris
1273 1215 1414 1280 Thoure.
1502 1242 1506 1247 ·

224 1316 319 1380 otting-
366 1314 594 1381 Proficisccndi
624 1338 723 1381 carisa
745 1317 835 1401 lepra
864 1318 937 1393 suit,
961 1317 1054 1401 cujus
1078 1316 1313 1381 deformatione
1348 1341 1415 1381 sor-

197 1382 233 1497 pp
233 1383 352 1514 ¹1in
365 1416 471 1481 debat.
518 1417 636 1481 Tribus
651 1418 755 1503 igitur
769 1424 865 1483 exact
866 1419 893 1482 is
851 1418 1037 1494 tdiebus‚
1053 1439 1202 1482 reversus
1217 1419 1260 1482 ad
1277 1420 1414 1503 propria,

365 1516 654 1617 protuberantibus
689 1518 831 1603 pustulis
861 1518 1068 1582 lronidist
1035 1524 1068 1582 et
1098 1526 1281 1583 rarescente
1313 1520 1415 1583 barba

365 1618 466 1703 coepit
488 1618 677 1685 deteriorari
698 1626 732 1684 et
754 1620 835 1685 facie
859 1620 1073 1697 dehonestari,
1090 1627 1129 1684 ut
1153 1621 1306 1685 convictu
1329 1643 1414 1685 eom-

364 1719 457 1781 muni
480 1719 545 1783 frui
568 1742 634 1784 non
657 1725 772 1805 posset.
820 1720 1015 1805 Oornpulsus
1038 1721 1149 1805 itaque
1172 1721 1289 1785 fratres
1320 1723 1414 1787 colle-

364 1836 475 1903 prosos
498 1820 538 1884 de
572 1840 632 1883 sua
653 1820 860 1885 habitatione
892 1821 1055 1897 convenit,
1079 1827 1114 1885 et
1148 1826 1315 1886 contracta
1338 1844 1413 1887 con-

365 1922 520 1986 ventione
535 1922 746 1988 cohabitavit.
786 1923 870 1987 Octo
885 1928 996 1987 autem
1020 1924 1120 1987 fenne
1136 1924 1279 1988 decursis
1295 1927 1414 1989 mensi·

365 2023 433 2099 bus,
449 2023 608 2089 sollicitus
631 2024 671 2088 de
687 2025 828 2089 sanitate
852 2046 912 2088 sua
929 2025 1017 2107 (nam
1034 2024 1292 2089 meliorationem
1309 2027 1414 2091 indies

362 2124 534 2211 capiebat),
559 2124 676 2189 fratres
711 2124 809 2209 petiit
843 2130 1006 2208 (prutenus
1029 2124 1256 2209 indulgeretur
1278 2127 1341 2190 sibi
1374 2128 1413 2191 li-

361 2227 469 2290 eentia
500 2226 728 2311 peregrinandi
764 2226 808 2290 ad
839 2232 1018 2310 martyrem
1057 2232 1217 2301 sanctum,
1251 2228 1343 2311 cujus
1377 2229 1430 2292 in·

359 2327 584 2391 melioratione
603 2327 673 2411 jnm
698 2328 929 2412 pmrsentiebat
951 2327 1153 2391 beneficium.
1202 2328 1413 2411 Negantibus

361 2412 434 2505 illis,
452 2451 509 2513 per
530 2428 728 2494 necessarios
751 2428 898 2492 obtinuit
913 2433 952 2491 ut
974 2428 1138 2492 restitutis
1154 2429 1275 2513 viginti
1300 2430 1412 2493 solidis

359 2554 441 2617 quos
474 2532 509 2594 in
532 2531 748 2595 conventione
779 2530 915 2595 dederat
937 2530 1050 2595 abiret.
1099 2531 1227 2609 Quibus
1261 2533 1411 2617 acceptis,

359 2633 401 2696 ed
424 2633 531 2697 locum
562 2633 764 2696 destinatum
787 2631 923 2695 veniens
958 2636 993 2695 et
1015 2630 1097 2693 illud
1120 2634 1246 2717 aceepit
1280 2638 1413 2717 propter

359 2734 446 2818 quod
469 2735 594 2819 accepit
606 2732 633 2811 ;1
656 2755 733 2797 narn
749 2738 824 2817 post
839 2732 1018 2796 orationem
1035 2754 1197 2817 regressus
1213 2733 1255 2796 ad
1278 2735 1410 2818 propria

358 2835 537 2899 mundatus
569 2840 626 2899 est.
674 2834 798 2897 Videns
834 2834 936 2918 igitur
965 2833 1044 2917 quia
1077 2834 1317 2919 magnificasset
1341 2835 1407 2898 Du-

357 2938 467 3001 minus
499 2959 607 3001 secum
631 2935 884 2999 misericordiam
909 2956 1011 3011 etiarn,
1035 2936 1134 2999 tertio
1157 2936 1298 3019 repetita
1321 2959 1411 3020 pere-

357 3040 542 3123 grinatione
565 3039 663 3125 longa
685 3042 845 3101 terrarum
868 3038 977 3122 spatia
998 3038 1123 3123 gnatius
1145 3042 1279 3102 acturus
1302 3044 1411 3102 trans-

357 3142 456 3217 misit,
480 3163 521 3206 ne
545 3140 784 3205 transmitteret
808 3140 842 3202 in
865 3162 899 3202 se
923 3138 1120 3223 evangelicae
1149 3138 1410 3222 reprehensionis

357 3243 526 3319 maculam,
552 3254 567 3275 ‘⁸
580 3242 699 3307 Nonne
722 3242 832 3305 decem
860 3240 1010 3303 mundati
1035 3246 1121 3313 sunt,
1146 3245 1179 3303 et
1202 3262 1319 3304 novem
1352 3243 1409 3307 ubi

357 3354 374 3379 “
397 3350 501 3408 sunt‘l
548 3344 626 3407 Non
655 3348 705 3407 est
737 3343 894 3406 inventus
926 3340 982 3425 qui
1006 3341 1129 3405 rediret
1150 3347 1185 3405 et
1217 3342 1311 3405 ‹laret
1341 3343 1410 3430 glo·

358 3456 374 3480 ‘⁴
397 3446 480 3509 riam
503 3444 645 3509 Domino
668 3443 732 3507 nisi
755 3442 809 3507 hie
832 3442 1044 3528 alienigena.”

725 3633 804 3717 (le.)
830 3632 876 3696 De
899 3632 1035 3716 leprose.

192 3799 300 3851 odelina
406 3772 525 3837 Mulier
560 3770 884 3853 Odelina,qua1uvis
916 3791 974 3853 per
1009 3769 1271 3853 quinquennium
1304 3776 1338 3833 et
1372 3794 1409 3834 eo

191 3868 310 3979 pareunt
359 3875 501 3961 amplius
535 3874 633 3957 lepue
665 3871 816 3955 contagio
848 3870 1033 3945 sorduisset,
1065 3872 1216 3955 ‹pramvis
1251 3872 1409 3935 diuturna

202 3948 302 3998 ‘'m''
360 3975 524 4060 corruptio
549 3974 650 4038 totiue
666 3973 859 4036 substantiae
882 3994 950 4035 sure
974 3977 1077 4035 totam
1101 3972 1162 4035 sibi
1180 3994 1269 4057 spem
1293 3973 1409 4037 salutis

359 4077 557 4151 abstulisset,
581 4073 795 4137 nihilominus
826 4080 936 4137 tamen
969 4073 1222 4137 misericordiam
1254 4075 1408 4158 martyris

360 4178 524 4265 postulare
549 4174 764 4261 praesumpsit.
813 4172 995 4257 Quinquies
1018 4175 1233 4239 Carrtuarimn
1264 4175 1304 4237 de
1321 4176 1409 4239 ultra

360 4280 545 4347 Londouias
572 4278 637 4341 iter
659 4276 930 4360 peregrinationis
952 4278 1100 4362 arripuit,
1125 4278 1310 4361 totiensque
1341 4300 1407 4341 non

360 4384 518 4450 exaudita
548 4378 726 4466 repedavit.
774 4378 931 4441 Laborem
971 4380 1042 4453 viru,
1076 4380 1189 4443 viatici
1228 4381 1406 4464 penuriam,

361 4487 444 4551 acris
479 4482 704 4567 intemperiem
738 4480 897 4546 sustinuit
928 4481 1165 4564 equanimiter,
1200 4482 1333 4546 eredens
1365 4484 1408 4546 ad

360 4628 426 4635 ...-.
446 4620 917 4634 ———-—-———---
924 4620 1077 4628 -ι
1091 4621 1191 4627 ---
1216 4621 1253 4627 -.-.
1262 4622 1286 4627 ..-
1293 4620 1372 4627 .-—.
1382 4622 1398 4627 ...

809 4682 816 4714 ¹
833 4683 961 4733 accersit?
