<?xml version="1.0" encoding="UTF-8"?>
<!DOCTYPE html PUBLIC "-//W3C//DTD XHTML 1.0 Transitional//EN"
    "http://www.w3.org/TR/xhtml1/DTD/xhtml1-transitional.dtd">
<html xmlns="http://www.w3.org/1999/xhtml" xml:lang="en" lang="en">
 <head>
  <title>
</title>
<meta http-equiv="Content-Type" content="text/html;charset=utf-8" />
  <meta name='ocr-system' content='tesseract 3.04.00' />
  <meta name='ocr-capabilities' content='ocr_page ocr_carea ocr_par ocr_line ocrx_word'/>
</head>
<body>
  <div class='ocr_page' id='page_1' title='image "./materialsforhis01robegoog_0049.png"; bbox 0 0 3316 6240; ppageno 0'>
   <div class='ocr_carea' id='block_1_1' title="bbox 382 716 1050 785">
    <p class='ocr_par' dir='ltr' id='par_1_1' title="bbox 382 716 1050 785">
     <span class='ocr_line' id='line_1_1' title="bbox 382 716 1050 785; baseline -0.004 -9"><span class='ocrx_word' id='word_1_1' title='bbox 382 716 401 776; x_wconf 78' lang='lat'>2</span> <span class='ocrx_word' id='word_1_2' title='bbox 761 725 843 774; x_wconf 71' lang='lat' dir='ltr'>vrrs</span> <span class='ocrx_word' id='word_1_3' title='bbox 864 725 889 773; x_wconf 90' lang='lat' dir='ltr'>s.</span> <span class='ocrx_word' id='word_1_4' title='bbox 913 726 1050 785; x_wconf 75' lang='lat' dir='ltr'>anona,</span> 
     </span>
    </p>
   </div>
   <div class='ocr_carea' id='block_1_2' title="bbox 211 909 1432 1202">
    <p class='ocr_par' dir='ltr' id='par_1_2' title="bbox 211 909 1432 1202">
     <span class='ocr_line' id='line_1_2' title="bbox 215 909 1430 997; baseline -0.006 -18"><span class='ocrx_word' id='word_1_5' title='bbox 215 930 324 979; x_wconf 76' lang='lat' dir='ltr'>Pamllel</span> <span class='ocrx_word' id='word_1_6' title='bbox 381 918 439 988; x_wconf 89' lang='lat' dir='ltr'>est,</span> <span class='ocrx_word' id='word_1_7' title='bbox 474 917 508 977; x_wconf 91' lang='lat' dir='ltr'>et</span> <span class='ocrx_word' id='word_1_8' title='bbox 539 916 667 997; x_wconf 86' lang='lat' dir='ltr'>martyr·</span> <span class='ocrx_word' id='word_1_9' title='bbox 698 912 756 996; x_wconf 93' lang='lat' dir='ltr'>qui</span> <span class='ocrx_word' id='word_1_10' title='bbox 788 911 932 976; x_wconf 91' lang='lat' dir='ltr'>Domino</span> <span class='ocrx_word' id='word_1_11' title='bbox 970 910 1087 976; x_wconf 86' lang='lat' dir='ltr'>similis</span> <span class='ocrx_word' id='word_1_12' title='bbox 1122 915 1173 974; x_wconf 89' lang='lat' dir='ltr'>est</span> <span class='ocrx_word' id='word_1_13' title='bbox 1206 910 1241 973; x_wconf 92' lang='lat' dir='ltr'>in</span> <span class='ocrx_word' id='word_1_14' title='bbox 1273 909 1430 994; x_wconf 75' lang='lat' dir='ltr'><strong>passione.</strong></span> 
     </span>
     <span class='ocr_line' id='line_1_3' title="bbox 212 998 1432 1112; baseline -0.004 -33"><span class='ocrx_word' id='word_1_15' title='bbox 212 998 368 1112; x_wconf 54' lang='grc' dir='ltr'>ξζζζξξξοω</span> <span class='ocrx_word' id='word_1_16' title='bbox 382 1015 470 1078; x_wconf 88' lang='lat' dir='ltr'>Nam</span> <span class='ocrx_word' id='word_1_17' title='bbox 495 1014 581 1079; x_wconf 84' lang='lat' dir='ltr'>siout</span> <span class='ocrx_word' id='word_1_18' title='bbox 603 1014 765 1078; x_wconf 87' lang='lat' dir='ltr'>Dominus</span> <span class='ocrx_word' id='word_1_19' title='bbox 788 1013 981 1077; x_wconf 77' lang='lat' dir='ltr'>imminente</span> <span class='ocrx_word' id='word_1_20' title='bbox 1004 1012 1153 1097; x_wconf 74' lang='lat' dir='ltr'>passione</span> <span class='ocrx_word' id='word_1_21' title='bbox 1176 1032 1236 1075; x_wconf 90' lang='lat' dir='ltr'>sua</span> <span class='ocrx_word' id='word_1_22' title='bbox 1265 1011 1336 1076; x_wconf 87' lang='lat' dir='ltr'>loco</span> <span class='ocrx_word' id='word_1_23' title='bbox 1358 1030 1432 1095; x_wconf 88' lang='lat' dir='ltr'>pas-</span> 
     </span>
     <span class='ocr_line' id='line_1_4' title="bbox 211 1110 1432 1202; baseline 0.001 -26"><span class='ocrx_word' id='word_1_24' title='bbox 211 1128 341 1177; x_wconf 72' lang='lat' dir='ltr'>andThe</span> <span class='ocrx_word' id='word_1_25' title='bbox 380 1116 481 1180; x_wconf 85' lang='lat' dir='ltr'>sionis</span> <span class='ocrx_word' id='word_1_26' title='bbox 504 1115 791 1202; x_wconf 75' lang='lat' dir='ltr'>appropinquavit,</span> <span class='ocrx_word' id='word_1_27' title='bbox 816 1115 865 1178; x_wconf 90' lang='lat' dir='ltr'>ita</span> <span class='ocrx_word' id='word_1_28' title='bbox 888 1114 1030 1177; x_wconf 87' lang='lat' dir='ltr'>Thomas</span> <span class='ocrx_word' id='word_1_29' title='bbox 1052 1113 1157 1178; x_wconf 83' lang='lat' dir='ltr'>sciens</span> <span class='ocrx_word' id='word_1_30' title='bbox 1179 1113 1365 1177; x_wconf 88' lang='lat' dir='ltr'>futurorum</span> <span class='ocrx_word' id='word_1_31' title='bbox 1388 1110 1432 1177; x_wconf 87' lang='lat' dir='ltr'>ad</span> 
     </span>
    </p>
   </div>
   <div class='ocr_carea' id='block_1_3' title="bbox 213 1192 1436 3231">
    <p class='ocr_par' dir='ltr' id='par_1_3' title="bbox 213 1192 1433 1708">
     <span class='ocr_line' id='line_1_5' title="bbox 213 1192 1432 1310; baseline -0.002 -30"><span class='ocrx_word' id='word_1_32' title='bbox 213 1192 320 1310; x_wconf 49' lang='lat' dir='ltr'>ffi‘e&#39;ss</span> <span class='ocrx_word' id='word_1_33' title='bbox 381 1217 488 1282; x_wconf 83' lang='lat' dir='ltr'>locum</span> <span class='ocrx_word' id='word_1_34' title='bbox 520 1238 585 1301; x_wconf 92' lang='lat' dir='ltr'>quo</span> <span class='ocrx_word' id='word_1_35' title='bbox 617 1221 785 1302; x_wconf 87' lang='lat' dir='ltr'>pateretur</span> <span class='ocrx_word' id='word_1_36' title='bbox 818 1216 959 1281; x_wconf 86' lang='lat' dir='ltr'>accessit.</span> <span class='ocrx_word' id='word_1_37' title='bbox 1003 1214 1097 1280; x_wconf 86' lang='lat' dir='ltr'>Sicut</span> <span class='ocrx_word' id='word_1_38' title='bbox 1119 1214 1241 1290; x_wconf 89' lang='lat' dir='ltr'>Jesum,</span> <span class='ocrx_word' id='word_1_39' title='bbox 1265 1214 1315 1279; x_wconf 89' lang='lat' dir='ltr'>ita</span> <span class='ocrx_word' id='word_1_40' title='bbox 1346 1213 1432 1277; x_wconf 91' lang='lat' dir='ltr'>Tho-</span> 
     </span>
     <span class='ocr_line' id='line_1_6' title="bbox 215 1315 1432 1404; baseline -0.01 -15"><span class='ocrx_word' id='word_1_41' title='bbox 215 1326 287 1389; x_wconf 79' lang='lat' dir='ltr'>bury.</span> <span class='ocrx_word' id='word_1_42' title='bbox 381 1341 469 1384; x_wconf 87' lang='lat' dir='ltr'>marn</span> <span class='ocrx_word' id='word_1_43' title='bbox 493 1319 683 1404; x_wconf 74' lang='lat' dir='ltr'>quaerebant</span> <span class='ocrx_word' id='word_1_44' title='bbox 705 1317 954 1403; x_wconf 89' lang='lat' dir='ltr'>apprehendere,</span> <span class='ocrx_word' id='word_1_45' title='bbox 978 1316 1035 1380; x_wconf 87' lang='lat' dir='ltr'>sod</span> <span class='ocrx_word' id='word_1_46' title='bbox 1066 1336 1162 1380; x_wconf 91' lang='lat' dir='ltr'>nemo</span> <span class='ocrx_word' id='word_1_47' title='bbox 1185 1315 1276 1379; x_wconf 86' lang='lat' dir='ltr'>misit</span> <span class='ocrx_word' id='word_1_48' title='bbox 1298 1315 1335 1377; x_wconf 93' lang='lat' dir='ltr'>in</span> <span class='ocrx_word' id='word_1_49' title='bbox 1356 1335 1432 1378; x_wconf 91' lang='lat' dir='ltr'>eum</span> 
     </span>
     <span class='ocr_line' id='line_1_7' title="bbox 381 1415 1433 1505; baseline -0.006 -21"><span class='ocrx_word' id='word_1_50' title='bbox 381 1443 524 1497; x_wconf 88' lang='lat' dir='ltr'>manum,</span> <span class='ocrx_word' id='word_1_51' title='bbox 556 1421 635 1505; x_wconf 90' lang='lat' dir='ltr'>quia</span> <span class='ocrx_word' id='word_1_52' title='bbox 670 1420 817 1485; x_wconf 91' lang='lat' dir='ltr'>nondum</span> <span class='ocrx_word' id='word_1_53' title='bbox 854 1424 991 1484; x_wconf 85' lang='lat' dir='ltr'>venerat</span> <span class='ocrx_word' id='word_1_54' title='bbox 1028 1417 1109 1482; x_wconf 91' lang='lat' dir='ltr'>hora</span> <span class='ocrx_word' id='word_1_55' title='bbox 1146 1418 1224 1503; x_wconf 90' lang='lat' dir='ltr'>ejus.</span> <span class='ocrx_word' id='word_1_56' title='bbox 1270 1415 1433 1481; x_wconf 85' lang='lat' dir='ltr'>Dominus</span> 
     </span>
     <span class='ocr_line' id='line_1_8' title="bbox 382 1516 1431 1606; baseline -0.008 -19"><span class='ocrx_word' id='word_1_57' title='bbox 382 1521 603 1606; x_wconf 86' lang='lat' dir='ltr'>triumphavit</span> <span class='ocrx_word' id='word_1_58' title='bbox 625 1527 703 1586; x_wconf 89' lang='lat' dir='ltr'>ante</span> <span class='ocrx_word' id='word_1_59' title='bbox 718 1521 901 1606; x_wconf 85' lang='lat' dir='ltr'>passionem</span> <span class='ocrx_word' id='word_1_60' title='bbox 929 1540 1043 1598; x_wconf 85' lang='lat' dir='ltr'>suam;</span> <span class='ocrx_word' id='word_1_61' title='bbox 1065 1516 1207 1582; x_wconf 82' lang='lat' dir='ltr'>Thomas</span> <span class='ocrx_word' id='word_1_62' title='bbox 1229 1522 1307 1582; x_wconf 88' lang='lat' dir='ltr'>ante</span> <span class='ocrx_word' id='word_1_63' title='bbox 1330 1536 1431 1580; x_wconf 90' lang='lat' dir='ltr'>suam.</span> 
     </span>
     <span class='ocr_line' id='line_1_9' title="bbox 382 1620 1433 1708; baseline -0.006 -20"><span class='ocrx_word' id='word_1_64' title='bbox 382 1625 544 1688; x_wconf 88' lang='lat' dir='ltr'>Dominus</span> <span class='ocrx_word' id='word_1_65' title='bbox 566 1645 682 1708; x_wconf 82' lang='lat' dir='ltr'>passus</span> <span class='ocrx_word' id='word_1_66' title='bbox 714 1628 764 1688; x_wconf 89' lang='lat' dir='ltr'>est</span> <span class='ocrx_word' id='word_1_67' title='bbox 798 1630 872 1708; x_wconf 88' lang='lat' dir='ltr'>post</span> <span class='ocrx_word' id='word_1_68' title='bbox 903 1642 1051 1700; x_wconf 87' lang='lat' dir='ltr'>coenam;</span> <span class='ocrx_word' id='word_1_69' title='bbox 1081 1620 1223 1684; x_wconf 84' lang='lat' dir='ltr'>Thomas</span> <span class='ocrx_word' id='word_1_70' title='bbox 1244 1640 1359 1704; x_wconf 86' lang='lat' dir='ltr'>passus</span> <span class='ocrx_word' id='word_1_71' title='bbox 1383 1623 1433 1682; x_wconf 87' lang='lat' dir='ltr'>est</span> 
     </span>
    </p>

    <p class='ocr_par' dir='ltr' id='par_1_4' title="bbox 383 1720 1433 1811">
     <span class='ocr_line' id='line_1_10' title="bbox 383 1720 1433 1811; baseline -0.006 -22"><span class='ocrx_word' id='word_1_72' title='bbox 383 1733 417 1790; x_wconf 89' lang='lat' dir='ltr'>et</span> <span class='ocrx_word' id='word_1_73' title='bbox 438 1731 514 1811; x_wconf 89' lang='lat' dir='ltr'>post</span> <span class='ocrx_word' id='word_1_74' title='bbox 529 1747 665 1791; x_wconf 83' lang='lat' dir='ltr'>coenam.</span> <span class='ocrx_word' id='word_1_75' title='bbox 712 1725 875 1790; x_wconf 89' lang='lat' dir='ltr'>Dominus</span> <span class='ocrx_word' id='word_1_76' title='bbox 897 1746 917 1789; x_wconf 97' lang='lat' dir='ltr'>a</span> <span class='ocrx_word' id='word_1_77' title='bbox 940 1724 1067 1788; x_wconf 86' lang='lat' dir='ltr'>Judaeis</span> <span class='ocrx_word' id='word_1_78' title='bbox 1092 1722 1202 1787; x_wconf 89' lang='lat' dir='ltr'>triduo</span> <span class='ocrx_word' id='word_1_79' title='bbox 1218 1720 1433 1805; x_wconf 86' lang='lat' dir='ltr'>Jerosolymis</span> 
     </span>
    </p>

    <p class='ocr_par' dir='ltr' id='par_1_5' title="bbox 258 1821 1433 2010">
     <span class='ocr_line' id='line_1_11' title="bbox 258 1821 1432 1910; baseline -0.003 -22"><span class='ocrx_word' id='word_1_80' title='bbox 258 1882 261 1888; x_wconf 90' lang='lat'>.</span> <span class='ocrx_word' id='word_1_81' title='bbox 382 1829 587 1906; x_wconf 81' lang='lat' dir='ltr'>custoditus3</span> <span class='ocrx_word' id='word_1_82' title='bbox 617 1828 759 1892; x_wconf 80' lang='lat' dir='ltr'>Thomas</span> <span class='ocrx_word' id='word_1_83' title='bbox 782 1826 898 1890; x_wconf 90' lang='lat' dir='ltr'>diebus</span> <span class='ocrx_word' id='word_1_84' title='bbox 920 1825 1048 1910; x_wconf 82' lang='lat' dir='ltr'>aliquot</span> <span class='ocrx_word' id='word_1_85' title='bbox 1070 1823 1160 1888; x_wconf 92' lang='lat' dir='ltr'>intra</span> <span class='ocrx_word' id='word_1_86' title='bbox 1182 1829 1275 1908; x_wconf 88' lang='lat' dir='ltr'>septa</span> <span class='ocrx_word' id='word_1_87' title='bbox 1290 1821 1432 1887; x_wconf 69' lang='lat' dir='ltr'>ecelesiae</span> 
     </span>
     <span class='ocr_line' id='line_1_12' title="bbox 384 1925 1433 2010; baseline -0.006 -19"><span class='ocrx_word' id='word_1_88' title='bbox 384 1950 451 1993; x_wconf 86' lang='lat' dir='ltr'>suae</span> <span class='ocrx_word' id='word_1_89' title='bbox 474 1929 665 1993; x_wconf 82' lang='lat' dir='ltr'>custoditur.</span> <span class='ocrx_word' id='word_1_90' title='bbox 713 1927 875 1991; x_wconf 84' lang='lat' dir='ltr'>Dominus</span> <span class='ocrx_word' id='word_1_91' title='bbox 908 1925 1132 2010; x_wconf 77' lang='lat' dir='ltr'>quaerentibus</span> <span class='ocrx_word' id='word_1_92' title='bbox 1165 1946 1240 1989; x_wconf 92' lang='lat' dir='ltr'>eum</span> <span class='ocrx_word' id='word_1_93' title='bbox 1263 1942 1433 1989; x_wconf 86' lang='lat' dir='ltr'>occurrens</span> 
     </span>
    </p>

    <p class='ocr_par' dir='ltr' id='par_1_6' title="bbox 383 2025 1432 2114">
     <span class='ocr_line' id='line_1_13' title="bbox 383 2025 1432 2114; baseline -0.005 -21"><span class='ocrx_word' id='word_1_94' title='bbox 383 2031 439 2105; x_wconf 89' lang='lat' dir='ltr'>ait,</span> <span class='ocrx_word' id='word_1_95' title='bbox 465 2038 481 2063; x_wconf 90' lang='lat'><em>“</em></span> <span class='ocrx_word' id='word_1_96' title='bbox 498 2029 776 2114; x_wconf 80' lang='lat' dir='ltr'>Quomquaeritis</span> <span class='ocrx_word' id='word_1_97' title='bbox 807 2028 877 2113; x_wconf 82' lang='lat' dir='ltr'>Ego</span> <span class='ocrx_word' id='word_1_98' title='bbox 900 2050 972 2091; x_wconf 89' lang='lat' dir='ltr'>sum</span> <span class='ocrx_word' id='word_1_99' title='bbox 986 2027 1021 2106; x_wconf 90' lang='lat'>;&#39;’</span> <span class='ocrx_word' id='word_1_100' title='bbox 1044 2026 1186 2091; x_wconf 82' lang='lat' dir='ltr'>Thomas</span> <span class='ocrx_word' id='word_1_101' title='bbox 1209 2025 1432 2110; x_wconf 74' lang='lat' dir='ltr'>quarentibus</span> 
     </span>
    </p>

    <p class='ocr_par' dir='ltr' id='par_1_7' title="bbox 384 2126 1432 2217">
     <span class='ocr_line' id='line_1_14' title="bbox 384 2126 1432 2217; baseline -0.005 -22"><span class='ocrx_word' id='word_1_102' title='bbox 384 2153 468 2207; x_wconf 89' lang='lat' dir='ltr'>eum,</span> <span class='ocrx_word' id='word_1_103' title='bbox 493 2132 603 2196; x_wconf 86' lang='lat' dir='ltr'>“Eece</span> <span class='ocrx_word' id='word_1_104' title='bbox 637 2130 723 2217; x_wconf 87' lang='lat' dir='ltr'>ego.”</span> <span class='ocrx_word' id='word_1_105' title='bbox 769 2129 940 2205; x_wconf 91' lang='lat' dir='ltr'>Dominus,</span> <span class='ocrx_word' id='word_1_106' title='bbox 966 2128 1029 2192; x_wconf 89' lang='lat' dir='ltr'>“Si</span> <span class='ocrx_word' id='word_1_107' title='bbox 1061 2150 1113 2192; x_wconf 90' lang='lat' dir='ltr'>mo</span> <span class='ocrx_word' id='word_1_108' title='bbox 1146 2128 1300 2212; x_wconf 72' lang='lat' dir='ltr'>quaeritis,</span> <span class='ocrx_word' id='word_1_109' title='bbox 1334 2126 1432 2190; x_wconf 83' lang='lat' dir='ltr'>sinite</span> 
     </span>
    </p>

    <p class='ocr_par' dir='ltr' id='par_1_8' title="bbox 386 2227 1433 2311">
     <span class='ocr_line' id='line_1_15' title="bbox 386 2227 1433 2311; baseline -0.005 -14"><span class='ocrx_word' id='word_1_110' title='bbox 386 2242 403 2267; x_wconf 84' lang='lat'>‘¹</span> <span class='ocrx_word' id='word_1_111' title='bbox 424 2232 484 2297; x_wconf 91' lang='lat' dir='ltr'>hos</span> <span class='ocrx_word' id='word_1_112' title='bbox 499 2234 590 2297; x_wconf 88' lang='lat' dir='ltr'>abire</span> <span class='ocrx_word' id='word_1_113' title='bbox 600 2257 607 2311; x_wconf 89' lang='lat'>;</span> <span class='ocrx_word' id='word_1_114' title='bbox 618 2232 634 2256; x_wconf 89' lang='lat'>’&#39;</span> <span class='ocrx_word' id='word_1_115' title='bbox 650 2232 801 2308; x_wconf 86' lang='lat' dir='ltr'>Thomas,</span> <span class='ocrx_word' id='word_1_116' title='bbox 819 2231 943 2295; x_wconf 90' lang='lat' dir='ltr'>“Nulli</span> <span class='ocrx_word' id='word_1_117' title='bbox 958 2231 1245 2295; x_wconf 87' lang='lat' dir='ltr'>circumstantium</span> <span class='ocrx_word' id='word_1_118' title='bbox 1260 2227 1433 2295; x_wconf 85' lang='lat' dir='ltr'>noceatis.&#39;’</span> 
     </span>
    </p>

    <p class='ocr_par' dir='ltr' id='par_1_9' title="bbox 384 2331 1432 2417">
     <span class='ocr_line' id='line_1_16' title="bbox 384 2331 1432 2417; baseline -0.006 -19"><span class='ocrx_word' id='word_1_119' title='bbox 384 2334 480 2399; x_wconf 92' lang='lat' dir='ltr'>Unus</span> <span class='ocrx_word' id='word_1_120' title='bbox 504 2334 559 2410; x_wconf 94' lang='lat' dir='ltr'>ibi,</span> <span class='ocrx_word' id='word_1_121' title='bbox 583 2356 669 2398; x_wconf 88' lang='lat' dir='ltr'>unus</span> <span class='ocrx_word' id='word_1_122' title='bbox 693 2333 755 2409; x_wconf 89' lang='lat' dir='ltr'>hio,</span> <span class='ocrx_word' id='word_1_123' title='bbox 790 2333 991 2397; x_wconf 85' lang='lat' dir='ltr'>vulneratur.</span> <span class='ocrx_word' id='word_1_124' title='bbox 1038 2332 1091 2396; x_wconf 93' lang='lat' dir='ltr'>Ibi</span> <span class='ocrx_word' id='word_1_125' title='bbox 1126 2331 1249 2396; x_wconf 89' lang='lat' dir='ltr'>milites</span> <span class='ocrx_word' id='word_1_126' title='bbox 1283 2336 1432 2417; x_wconf 90' lang='lat' dir='ltr'>quatuor,</span> 
     </span>
    </p>

    <p class='ocr_par' dir='ltr' id='par_1_10' title="bbox 382 2433 1432 2520">
     <span class='ocr_line' id='line_1_17' title="bbox 382 2433 1432 2520; baseline -0.001 -23"><span class='ocrx_word' id='word_1_127' title='bbox 382 2434 437 2500; x_wconf 90' lang='lat' dir='ltr'>hic</span> <span class='ocrx_word' id='word_1_128' title='bbox 470 2435 593 2498; x_wconf 86' lang='lat' dir='ltr'>milites</span> <span class='ocrx_word' id='word_1_129' title='bbox 625 2439 773 2520; x_wconf 90' lang='lat' dir='ltr'>quatuor.</span> <span class='ocrx_word' id='word_1_130' title='bbox 820 2433 874 2497; x_wconf 92' lang='lat' dir='ltr'>Ibi</span> <span class='ocrx_word' id='word_1_131' title='bbox 911 2433 1119 2520; x_wconf 86' lang='lat' dir='ltr'>participatio</span> <span class='ocrx_word' id='word_1_132' title='bbox 1153 2433 1432 2509; x_wconf 89' lang='lat' dir='ltr'>vestimentorum,</span> 
     </span>
    </p>

    <p class='ocr_par' dir='ltr' id='par_1_11' title="bbox 382 2533 1433 2620">
     <span class='ocr_line' id='line_1_18' title="bbox 382 2533 1433 2620; baseline -0.001 -22"><span class='ocrx_word' id='word_1_133' title='bbox 382 2534 438 2599; x_wconf 93' lang='lat' dir='ltr'>hic</span> <span class='ocrx_word' id='word_1_134' title='bbox 466 2536 701 2620; x_wconf 88' lang='lat' dir='ltr'>jumentorum.</span> <span class='ocrx_word' id='word_1_135' title='bbox 749 2535 801 2599; x_wconf 93' lang='lat' dir='ltr'>Ibi</span> <span class='ocrx_word' id='word_1_136' title='bbox 836 2534 993 2620; x_wconf 85' lang='lat' dir='ltr'>dispersio</span> <span class='ocrx_word' id='word_1_137' title='bbox 1025 2534 1267 2620; x_wconf 86' lang='lat' dir='ltr'>discipulorum,</span> <span class='ocrx_word' id='word_1_138' title='bbox 1290 2533 1346 2598; x_wconf 93' lang='lat' dir='ltr'>hic</span> <span class='ocrx_word' id='word_1_139' title='bbox 1368 2534 1433 2597; x_wconf 87' lang='lat' dir='ltr'>dis-</span> 
     </span>
    </p>

    <p class='ocr_par' dir='ltr' id='par_1_12' title="bbox 383 2634 1436 3029">
     <span class='ocr_line' id='line_1_19' title="bbox 384 2634 1434 2721; baseline -0.002 -21"><span class='ocrx_word' id='word_1_140' title='bbox 384 2637 491 2721; x_wconf 87' lang='lat' dir='ltr'>persio</span> <span class='ocrx_word' id='word_1_141' title='bbox 514 2637 728 2701; x_wconf 87' lang='lat' dir='ltr'>subditorum.</span> <span class='ocrx_word' id='word_1_142' title='bbox 775 2636 828 2701; x_wconf 94' lang='lat' dir='ltr'>Ibi</span> <span class='ocrx_word' id='word_1_143' title='bbox 851 2636 963 2701; x_wconf 88' lang='lat' dir='ltr'>velum</span> <span class='ocrx_word' id='word_1_144' title='bbox 987 2637 1156 2712; x_wconf 83' lang='lat' dir='ltr'>scinditur,</span> <span class='ocrx_word' id='word_1_145' title='bbox 1179 2635 1234 2700; x_wconf 90' lang='lat' dir='ltr'>hic</span> <span class='ocrx_word' id='word_1_146' title='bbox 1271 2634 1434 2700; x_wconf 83' lang='lat' dir='ltr'>machaera</span> 
     </span>
     <span class='ocr_line' id='line_1_20' title="bbox 383 2736 1435 2825; baseline -0.003 -22"><span class='ocrx_word' id='word_1_147' title='bbox 383 2738 554 2825; x_wconf 78' lang='lat' dir='ltr'>frangitur.</span> <span class='ocrx_word' id='word_1_148' title='bbox 603 2738 766 2804; x_wconf 88' lang='lat' dir='ltr'>Dominus</span> <span class='ocrx_word' id='word_1_149' title='bbox 800 2739 955 2825; x_wconf 90' lang='lat' dir='ltr'>propinat</span> <span class='ocrx_word' id='word_1_150' title='bbox 976 2759 1095 2824; x_wconf 87' lang='lat' dir='ltr'>aquarn</span> <span class='ocrx_word' id='word_1_151' title='bbox 1119 2743 1154 2802; x_wconf 93' lang='lat' dir='ltr'>et</span> <span class='ocrx_word' id='word_1_152' title='bbox 1176 2736 1369 2823; x_wconf 86' lang='lat' dir='ltr'>sanguinem</span> <span class='ocrx_word' id='word_1_153' title='bbox 1391 2736 1435 2801; x_wconf 85' lang='lat' dir='ltr'>ad</span> 
     </span>
     <span class='ocr_line' id='line_1_21' title="bbox 384 2840 1433 2926; baseline -0.001 -21"><span class='ocrx_word' id='word_1_154' title='bbox 384 2841 532 2918; x_wconf 85' lang='lat' dir='ltr'>salutem,</span> <span class='ocrx_word' id='word_1_155' title='bbox 556 2840 697 2907; x_wconf 86' lang='lat' dir='ltr'>Thomas</span> <span class='ocrx_word' id='word_1_156' title='bbox 720 2862 840 2926; x_wconf 87' lang='lat' dir='ltr'>aquam</span> <span class='ocrx_word' id='word_1_157' title='bbox 875 2846 910 2907; x_wconf 91' lang='lat' dir='ltr'>et</span> <span class='ocrx_word' id='word_1_158' title='bbox 943 2842 1136 2926; x_wconf 83' lang='lat' dir='ltr'>sanguinem</span> <span class='ocrx_word' id='word_1_159' title='bbox 1171 2840 1214 2904; x_wconf 89' lang='lat' dir='ltr'>ad</span> <span class='ocrx_word' id='word_1_160' title='bbox 1248 2841 1433 2905; x_wconf 84' lang='lat' dir='ltr'>sanitatem</span> 
     </span>
     <span class='ocr_line' id='line_1_22' title="bbox 383 2940 1436 3029; baseline -0.003 -21"><span class='ocrx_word' id='word_1_161' title='bbox 383 2943 546 3008; x_wconf 90' lang='lat' dir='ltr'>Dominus</span> <span class='ocrx_word' id='word_1_162' title='bbox 561 2945 727 3029; x_wconf 90' lang='lat' dir='ltr'>perditum</span> <span class='ocrx_word' id='word_1_163' title='bbox 750 2943 913 3007; x_wconf 91' lang='lat' dir='ltr'>mundum</span> <span class='ocrx_word' id='word_1_164' title='bbox 936 2943 1109 3027; x_wconf 87' lang='lat' dir='ltr'>reparavit,</span> <span class='ocrx_word' id='word_1_165' title='bbox 1126 2940 1269 3007; x_wconf 85' lang='lat' dir='ltr'>Thomas</span> <span class='ocrx_word' id='word_1_166' title='bbox 1291 2942 1436 3028; x_wconf 90' lang='lat' dir='ltr'>perditos</span> 
     </span>
    </p>

    <p class='ocr_par' dir='ltr' id='par_1_13' title="bbox 218 3043 1436 3231">
     <span class='ocr_line' id='line_1_23' title="bbox 384 3043 1436 3129; baseline -0.002 -21"><span class='ocrx_word' id='word_1_167' title='bbox 384 3045 506 3110; x_wconf 88' lang='lat' dir='ltr'>multos</span> <span class='ocrx_word' id='word_1_168' title='bbox 544 3046 588 3109; x_wconf 87' lang='lat' dir='ltr'>ad</span> <span class='ocrx_word' id='word_1_169' title='bbox 625 3046 731 3110; x_wconf 88' lang='lat' dir='ltr'>vitam</span> <span class='ocrx_word' id='word_1_170' title='bbox 768 3045 945 3119; x_wconf 71' lang='lat' dir='ltr'>revocavit.</span> <span class='ocrx_word' id='word_1_171' title='bbox 994 3043 1060 3107; x_wconf 88' lang='lat' dir='ltr'>Sed</span> <span class='ocrx_word' id='word_1_172' title='bbox 1096 3050 1132 3108; x_wconf 88' lang='lat' dir='ltr'>et</span> <span class='ocrx_word' id='word_1_173' title='bbox 1169 3045 1301 3129; x_wconf 82' lang='lat' dir='ltr'>privata</span> <span class='ocrx_word' id='word_1_174' title='bbox 1338 3062 1436 3108; x_wconf 86' lang='lat' dir='ltr'>eausa</span> 
     </span>
     <span class='ocr_line' id='line_1_24' title="bbox 218 3145 1435 3231; baseline -0.003 -19"><span class='ocrx_word' id='word_1_175' title='bbox 218 3152 373 3230; x_wconf 64' lang='lat' dir='ltr'>Theauthor</span> <span class='ocrx_word' id='word_1_176' title='bbox 386 3152 514 3231; x_wconf 88' lang='lat' dir='ltr'>martyr</span> <span class='ocrx_word' id='word_1_177' title='bbox 536 3147 726 3230; x_wconf 83' lang='lat' dir='ltr'>scriptorem</span> <span class='ocrx_word' id='word_1_178' title='bbox 749 3168 846 3210; x_wconf 88' lang='lat' dir='ltr'>suum</span> <span class='ocrx_word' id='word_1_179' title='bbox 869 3146 1036 3231; x_wconf 90' lang='lat' dir='ltr'>compellit</span> <span class='ocrx_word' id='word_1_180' title='bbox 1058 3145 1101 3210; x_wconf 87' lang='lat' dir='ltr'>ad</span> <span class='ocrx_word' id='word_1_181' title='bbox 1131 3146 1330 3231; x_wconf 89' lang='lat' dir='ltr'>obsequium.</span> <span class='ocrx_word' id='word_1_182' title='bbox 1377 3145 1435 3208; x_wconf 93' lang='lat' dir='ltr'>Vi-</span> 
     </span>
    </p>
   </div>
   <div class='ocr_carea' id='block_1_4' title="bbox 217 3220 1438 3739">
    <p class='ocr_par' dir='ltr' id='par_1_14' title="bbox 217 3220 1157 3268">
     <span class='ocr_line' id='line_1_25' title="bbox 217 3220 1157 3268; baseline -0.005 0"><span class='ocrx_word' id='word_1_183' title='bbox 217 3220 338 3268; x_wconf 87' lang='lat' dir='ltr'>ordamed</span> <span class='ocrx_word' id='word_1_184' title='bbox 554 3248 561 3262; x_wconf 86' lang='lat'><strong>·</strong></span> <span class='ocrx_word' id='word_1_185' title='bbox 668 3248 674 3261; x_wconf 88' lang='lat'>·</span> <span class='ocrx_word' id='word_1_186' title='bbox 707 3248 712 3257; x_wconf 87' lang='lat'><strong>·</strong></span> <span class='ocrx_word' id='word_1_187' title='bbox 1150 3250 1157 3263; x_wconf 92' lang='lat'>.</span> 
     </span>
    </p>

    <p class='ocr_par' dir='ltr' id='par_1_15' title="bbox 217 3246 1437 3348">
     <span class='ocr_line' id='line_1_26' title="bbox 217 3246 1437 3348; baseline -0.001 -36"><span class='ocrx_word' id='word_1_188' title='bbox 217 3285 309 3348; x_wconf 77' lang='lat' dir='ltr'>hythe</span> <span class='ocrx_word' id='word_1_189' title='bbox 388 3269 468 3312; x_wconf 88' lang='lat' dir='ltr'>vens</span> <span class='ocrx_word' id='word_1_190' title='bbox 506 3266 628 3332; x_wconf 81' lang='lat' dir='ltr'>quippe</span> <span class='ocrx_word' id='word_1_191' title='bbox 665 3269 702 3311; x_wconf 88' lang='lat' dir='ltr'>ln</span> <span class='ocrx_word' id='word_1_192' title='bbox 739 3269 835 3312; x_wconf 86' lang='lat' dir='ltr'>earne</span> <span class='ocrx_word' id='word_1_193' title='bbox 873 3268 978 3312; x_wconf 85' lang='lat' dir='ltr'>saeros</span> <span class='ocrx_word' id='word_1_194' title='bbox 1016 3270 1092 3313; x_wconf 89' lang='lat' dir='ltr'>eum</span> <span class='ocrx_word' id='word_1_195' title='bbox 1126 3248 1281 3334; x_wconf 78' lang='lat' dir='ltr'>(hgnatus</span> <span class='ocrx_word' id='word_1_196' title='bbox 1313 3252 1364 3312; x_wconf 90' lang='lat' dir='ltr'>ost</span> <span class='ocrx_word' id='word_1_197' title='bbox 1393 3246 1437 3311; x_wconf 85' lang='lat' dir='ltr'>ad</span> 
     </span>
    </p>

    <p class='ocr_par' dir='ltr' id='par_1_16' title="bbox 217 3349 1437 3538">
     <span class='ocr_line' id='line_1_27' title="bbox 217 3349 1437 3434; baseline 0.001 -20"><span class='ocrx_word' id='word_1_198' title='bbox 217 3349 518 3414; x_wconf 62' lang='lat' dir='ltr'>arehbi⁸h0aordines</span> <span class='ocrx_word' id='word_1_199' title='bbox 541 3369 740 3434; x_wconf 87' lang='lat' dir='ltr'>promovere,</span> <span class='ocrx_word' id='word_1_200' title='bbox 765 3355 799 3414; x_wconf 90' lang='lat' dir='ltr'>et</span> <span class='ocrx_word' id='word_1_201' title='bbox 821 3349 997 3414; x_wconf 83' lang='lat' dir='ltr'>monachili</span> <span class='ocrx_word' id='word_1_202' title='bbox 1012 3349 1130 3414; x_wconf 91' lang='lat' dir='ltr'>habitu</span> <span class='ocrx_word' id='word_1_203' title='bbox 1145 3350 1288 3427; x_wconf 88' lang='lat' dir='ltr'>induere,</span> <span class='ocrx_word' id='word_1_204' title='bbox 1304 3351 1437 3415; x_wconf 82' lang='lat' dir='ltr'>vivens-</span> 
     </span>
     <span class='ocr_line' id='line_1_28' title="bbox 390 3451 1437 3538; baseline 0.004 -25"><span class='ocrx_word' id='word_1_205' title='bbox 390 3472 452 3535; x_wconf 89' lang='lat' dir='ltr'>que</span> <span class='ocrx_word' id='word_1_206' title='bbox 475 3452 512 3514; x_wconf 94' lang='lat' dir='ltr'>in</span> <span class='ocrx_word' id='word_1_207' title='bbox 534 3451 616 3515; x_wconf 86' lang='lat' dir='ltr'>coelo</span> <span class='ocrx_word' id='word_1_208' title='bbox 639 3451 853 3517; x_wconf 85' lang='lat' dir='ltr'>nihilominus</span> <span class='ocrx_word' id='word_1_209' title='bbox 869 3473 962 3516; x_wconf 89' lang='lat' dir='ltr'>servo</span> <span class='ocrx_word' id='word_1_210' title='bbox 978 3472 1036 3516; x_wconf 88' lang='lat' dir='ltr'>suo</span> <span class='ocrx_word' id='word_1_211' title='bbox 1058 3457 1191 3517; x_wconf 77' lang='lat' dir='ltr'>tenetur</span> <span class='ocrx_word' id='word_1_212' title='bbox 1213 3474 1256 3516; x_wconf 85' lang='lat' dir='ltr'>ex</span> <span class='ocrx_word' id='word_1_213' title='bbox 1270 3453 1437 3538; x_wconf 88' lang='lat' dir='ltr'>promisso.</span> 
     </span>
    </p>

    <p class='ocr_par' dir='ltr' id='par_1_17' title="bbox 219 3552 1437 3639">
     <span class='ocr_line' id='line_1_29' title="bbox 219 3552 1437 3639; baseline -0.001 -20"><span class='ocrx_word' id='word_1_214' title='bbox 219 3582 271 3632; x_wconf 76' lang='lat' dir='ltr'>and</span> <span class='ocrx_word' id='word_1_215' title='bbox 282 3597 326 3632; x_wconf 86' lang='lat' dir='ltr'>en·</span> <span class='ocrx_word' id='word_1_216' title='bbox 389 3552 478 3616; x_wconf 91' lang='lat' dir='ltr'>Nam</span> <span class='ocrx_word' id='word_1_217' title='bbox 512 3573 585 3617; x_wconf 90' lang='lat' dir='ltr'>cum</span> <span class='ocrx_word' id='word_1_218' title='bbox 618 3553 776 3618; x_wconf 87' lang='lat' dir='ltr'>miracula</span> <span class='ocrx_word' id='word_1_219' title='bbox 808 3553 886 3639; x_wconf 85' lang='lat' dir='ltr'>ejus,</span> <span class='ocrx_word' id='word_1_220' title='bbox 910 3575 984 3638; x_wconf 85' lang='lat' dir='ltr'>quae</span> <span class='ocrx_word' id='word_1_221' title='bbox 1008 3554 1043 3616; x_wconf 91' lang='lat' dir='ltr'>in</span> <span class='ocrx_word' id='word_1_222' title='bbox 1067 3553 1229 3618; x_wconf 85' lang='lat' dir='ltr'>schedulis</span> <span class='ocrx_word' id='word_1_223' title='bbox 1252 3554 1437 3619; x_wconf 81' lang='lat' dir='ltr'>occultabat</span> 
     </span>
    </p>

    <p class='ocr_par' dir='ltr' id='par_1_18' title="bbox 218 3648 1438 3739">
     <span class='ocr_line' id='line_1_30' title="bbox 218 3648 1438 3739; baseline 0.005 -26"><span class='ocrx_word' id='word_1_224' title='bbox 218 3648 345 3726; x_wconf 69' lang='lat' dir='ltr'>ceungeu</span> <span class='ocrx_word' id='word_1_225' title='bbox 389 3653 569 3719; x_wconf 85' lang='lat' dir='ltr'>incorrecta</span> <span class='ocrx_word' id='word_1_226' title='bbox 591 3658 625 3718; x_wconf 92' lang='lat' dir='ltr'>et</span> <span class='ocrx_word' id='word_1_227' title='bbox 647 3653 844 3739; x_wconf 81' lang='lat' dir='ltr'>imperfecta,</span> <span class='ocrx_word' id='word_1_228' title='bbox 868 3659 1038 3739; x_wconf 83' lang='lat' dir='ltr'>rogaretur</span> <span class='ocrx_word' id='word_1_229' title='bbox 1060 3674 1081 3719; x_wconf 89' lang='lat' dir='ltr'>a</span> <span class='ocrx_word' id='word_1_230' title='bbox 1103 3653 1260 3718; x_wconf 86' lang='lat' dir='ltr'>fratribus</span> <span class='ocrx_word' id='word_1_231' title='bbox 1275 3675 1438 3739; x_wconf 87' lang='lat' dir='ltr'>exponere</span> 
     </span>
    </p>
   </div>
   <div class='ocr_carea' id='block_1_5' title="bbox 219 3716 1438 3841">
    <p class='ocr_par' dir='ltr' id='par_1_19' title="bbox 219 3716 1438 3841">
     <span class='ocr_line' id='line_1_31' title="bbox 219 3716 1438 3841; baseline 0.021 -36"><span class='ocrx_word' id='word_1_232' title='bbox 219 3716 375 3779; x_wconf 45' lang='grc' dir='ltr'>ΨΜ·</span> <span class='ocrx_word' id='word_1_233' title='bbox 389 3756 642 3831; x_wconf 68' lang='lat' dir='ltr'>transcribenda,</span> <span class='ocrx_word' id='word_1_234' title='bbox 666 3756 714 3820; x_wconf 70' lang='lat' dir='ltr'>aa</span> <span class='ocrx_word' id='word_1_235' title='bbox 748 3757 778 3820; x_wconf 73' lang='lat' dir='ltr'>er</span> <span class='ocrx_word' id='word_1_236' title='bbox 809 3757 845 3821; x_wconf 77' lang='lat' dir='ltr'>a</span> <span class='ocrx_word' id='word_1_237' title='bbox 867 3756 943 3819; x_wconf 78' lang='lat' dir='ltr'>vsu</span> <span class='ocrx_word' id='word_1_238' title='bbox 965 3756 1078 3833; x_wconf 76' lang='lat' dir='ltr'>noea,</span> <span class='ocrx_word' id='word_1_239' title='bbox 1103 3755 1225 3841; x_wconf 63' lang='lat' dir='ltr'>“nugo</span> <span class='ocrx_word' id='word_1_240' title='bbox 1254 3756 1318 3820; x_wconf 83' lang='lat' dir='ltr'>au</span> <span class='ocrx_word' id='word_1_241' title='bbox 1350 3756 1438 3841; x_wconf 84' lang='lat' dir='ltr'>quod</span> 
     </span>
    </p>
   </div>
   <div class='ocr_carea' id='block_1_6' title="bbox 387 3846 1481 4661">
    <p class='ocr_par' dir='ltr' id='par_1_20' title="bbox 387 3846 1481 4661">
     <span class='ocr_line' id='line_1_32' title="bbox 389 3846 1481 3945; baseline 0.002 -24"><span class='ocrx_word' id='word_1_242' title='bbox 389 3866 406 3892; x_wconf 90' lang='lat'><em>“</em></span> <span class='ocrx_word' id='word_1_243' title='bbox 428 3858 506 3922; x_wconf 81' lang='lat' dir='ltr'>vis.’&#39;</span> <span class='ocrx_word' id='word_1_244' title='bbox 553 3858 626 3923; x_wconf 87' lang='lat' dir='ltr'>Hac</span> <span class='ocrx_word' id='word_1_245' title='bbox 648 3857 764 3922; x_wconf 87' lang='lat' dir='ltr'>audita</span> <span class='ocrx_word' id='word_1_246' title='bbox 786 3879 866 3924; x_wconf 88' lang='lat' dir='ltr'>voco</span> <span class='ocrx_word' id='word_1_247' title='bbox 888 3858 1144 3924; x_wconf 86' lang='lat' dir='ltr'>misericordiam</span> <span class='ocrx_word' id='word_1_248' title='bbox 1166 3858 1203 3922; x_wconf 92' lang='lat' dir='ltr'>in</span> <span class='ocrx_word' id='word_1_249' title='bbox 1225 3879 1259 3922; x_wconf 86' lang='lat' dir='ltr'>ee</span> <span class='ocrx_word' id='word_1_250' title='bbox 1282 3859 1438 3945; x_wconf 86' lang='lat' dir='ltr'>martyris</span> <span class='ocrx_word' id='word_1_251' title='bbox 1478 3846 1481 3853; x_wconf 61' lang='grc'><strong>’</strong></span> 
     </span>
     <span class='ocr_line' id='line_1_33' title="bbox 389 3959 1438 4046; baseline 0.003 -24"><span class='ocrx_word' id='word_1_252' title='bbox 389 3959 564 4036; x_wconf 83' lang='lat' dir='ltr'>intellexit,</span> <span class='ocrx_word' id='word_1_253' title='bbox 599 3960 743 4024; x_wconf 88' lang='lat' dir='ltr'>volentis</span> <span class='ocrx_word' id='word_1_254' title='bbox 776 3960 921 4026; x_wconf 88' lang='lat' dir='ltr'>laborem</span> <span class='ocrx_word' id='word_1_255' title='bbox 957 3983 1063 4039; x_wconf 86' lang='lat' dir='ltr'>suum,</span> <span class='ocrx_word' id='word_1_256' title='bbox 1086 3982 1184 4046; x_wconf 90' lang='lat' dir='ltr'>quem</span> <span class='ocrx_word' id='word_1_257' title='bbox 1207 3961 1278 4045; x_wconf 89' lang='lat' dir='ltr'>ipso</span> <span class='ocrx_word' id='word_1_258' title='bbox 1300 3982 1438 4046; x_wconf 86' lang='lat' dir='ltr'>praerno-</span> 
     </span>
     <span class='ocr_line' id='line_1_34' title="bbox 389 4061 1440 4150; baseline 0.003 -25"><span class='ocrx_word' id='word_1_259' title='bbox 389 4067 490 4125; x_wconf 89' lang='lat' dir='ltr'>nente</span> <span class='ocrx_word' id='word_1_260' title='bbox 535 4061 691 4137; x_wconf 86' lang='lat' dir='ltr'>subiciat,</span> <span class='ocrx_word' id='word_1_261' title='bbox 736 4063 802 4127; x_wconf 91' lang='lat' dir='ltr'>imo</span> <span class='ocrx_word' id='word_1_262' title='bbox 836 4064 959 4129; x_wconf 91' lang='lat' dir='ltr'>donum</span> <span class='ocrx_word' id='word_1_263' title='bbox 998 4064 1174 4150; x_wconf 90' lang='lat' dir='ltr'>proprium,</span> <span class='ocrx_word' id='word_1_264' title='bbox 1224 4084 1440 4128; x_wconf 89' lang='lat' dir='ltr'>remunerare.</span> 
     </span>
     <span class='ocr_line' id='line_1_35' title="bbox 391 4163 1441 4253; baseline 0.003 -27"><span class='ocrx_word' id='word_1_265' title='bbox 391 4163 508 4248; x_wconf 88' lang='lat' dir='ltr'>Itaque</span> <span class='ocrx_word' id='word_1_266' title='bbox 530 4163 677 4249; x_wconf 81' lang='lat' dir='ltr'>gaudens</span> <span class='ocrx_word' id='word_1_267' title='bbox 700 4169 734 4228; x_wconf 90' lang='lat' dir='ltr'>et</span> <span class='ocrx_word' id='word_1_268' title='bbox 756 4187 887 4230; x_wconf 88' lang='lat' dir='ltr'>securus</span> <span class='ocrx_word' id='word_1_269' title='bbox 910 4172 1064 4253; x_wconf 80' lang='lat' dir='ltr'>expectat</span> <span class='ocrx_word' id='word_1_270' title='bbox 1078 4167 1189 4231; x_wconf 87' lang='lat' dir='ltr'>&#39;donec</span> <span class='ocrx_word' id='word_1_271' title='bbox 1211 4165 1302 4251; x_wconf 93' lang='lat' dir='ltr'>optio</span> <span class='ocrx_word' id='word_1_272' title='bbox 1324 4165 1361 4228; x_wconf 90' lang='lat' dir='ltr'>in</span> <span class='ocrx_word' id='word_1_273' title='bbox 1384 4187 1441 4250; x_wconf 90' lang='lat' dir='ltr'>op·</span> 
     </span>
     <span class='ocr_line' id='line_1_36' title="bbox 389 4266 1442 4352; baseline 0 -22"><span class='ocrx_word' id='word_1_274' title='bbox 389 4271 507 4343; x_wconf 86' lang='lat' dir='ltr'>toturn,</span> <span class='ocrx_word' id='word_1_275' title='bbox 530 4266 616 4330; x_wconf 84' lang='lat' dir='ltr'>visio</span> <span class='ocrx_word' id='word_1_276' title='bbox 639 4266 676 4329; x_wconf 94' lang='lat' dir='ltr'>in</span> <span class='ocrx_word' id='word_1_277' title='bbox 698 4266 882 4345; x_wconf 84' lang='lat' dir='ltr'>veritatem,</span> <span class='ocrx_word' id='word_1_278' title='bbox 906 4273 941 4332; x_wconf 90' lang='lat' dir='ltr'>et</span> <span class='ocrx_word' id='word_1_279' title='bbox 963 4268 1056 4333; x_wconf 94' lang='lat' dir='ltr'>labor</span> <span class='ocrx_word' id='word_1_280' title='bbox 1079 4268 1115 4331; x_wconf 90' lang='lat' dir='ltr'>in</span> <span class='ocrx_word' id='word_1_281' title='bbox 1138 4268 1284 4352; x_wconf 88' lang='lat' dir='ltr'>requiem</span> <span class='ocrx_word' id='word_1_282' title='bbox 1307 4287 1442 4331; x_wconf 88' lang='lat' dir='ltr'>eonver-</span> 
     </span>
     <span class='ocr_line' id='line_1_37' title="bbox 388 4367 1442 4454; baseline -0.001 -22"><span class='ocrx_word' id='word_1_283' title='bbox 388 4373 487 4445; x_wconf 89' lang='lat' dir='ltr'>tatur,</span> <span class='ocrx_word' id='word_1_284' title='bbox 535 4367 724 4452; x_wconf 82' lang='lat' dir='ltr'>plenissime</span> <span class='ocrx_word' id='word_1_285' title='bbox 769 4370 873 4434; x_wconf 87' lang='lat' dir='ltr'>sciens</span> <span class='ocrx_word' id='word_1_286' title='bbox 918 4370 997 4454; x_wconf 92' lang='lat' dir='ltr'>quia</span> <span class='ocrx_word' id='word_1_287' title='bbox 1042 4390 1245 4454; x_wconf 88' lang='lat' dir='ltr'>quaecunque</span> <span class='ocrx_word' id='word_1_288' title='bbox 1290 4367 1442 4453; x_wconf 87' lang='lat' dir='ltr'>promisit</span> 
     </span>
     <span class='ocr_line' id='line_1_38' title="bbox 387 4469 1440 4557; baseline -0.001 -23"><span class='ocrx_word' id='word_1_289' title='bbox 387 4476 504 4555; x_wconf 83' lang='lat' dir='ltr'>potens</span> <span class='ocrx_word' id='word_1_290' title='bbox 527 4475 578 4534; x_wconf 89' lang='lat' dir='ltr'>est</span> <span class='ocrx_word' id='word_1_291' title='bbox 600 4474 635 4534; x_wconf 90' lang='lat' dir='ltr'>et</span> <span class='ocrx_word' id='word_1_292' title='bbox 656 4469 780 4550; x_wconf 85' lang='lat' dir='ltr'>facere3</span> <span class='ocrx_word' id='word_1_293' title='bbox 804 4493 841 4536; x_wconf 92' lang='lat' dir='ltr'>eo</span> <span class='ocrx_word' id='word_1_294' title='bbox 874 4472 944 4557; x_wconf 87' lang='lat' dir='ltr'>ipse</span> <span class='ocrx_word' id='word_1_295' title='bbox 979 4473 1129 4549; x_wconf 87' lang='lat' dir='ltr'>securior,</span> <span class='ocrx_word' id='word_1_296' title='bbox 1152 4471 1241 4555; x_wconf 93' lang='lat' dir='ltr'>quod</span> <span class='ocrx_word' id='word_1_297' title='bbox 1259 4469 1361 4554; x_wconf 84' lang='lat' dir='ltr'>juxta</span> <span class='ocrx_word' id='word_1_298' title='bbox 1383 4469 1440 4533; x_wconf 92' lang='lat' dir='ltr'>do-</span> 
     </span>
     <span class='ocr_line' id='line_1_39' title="bbox 387 4571 1440 4661; baseline 0.002 -27"><span class='ocrx_word' id='word_1_299' title='bbox 387 4572 542 4637; x_wconf 83' lang='lat' dir='ltr'>minicam</span> <span class='ocrx_word' id='word_1_300' title='bbox 575 4571 834 4638; x_wconf 86' lang='lat' dir='ltr'>admonitionem</span> <span class='ocrx_word' id='word_1_301' title='bbox 872 4594 911 4639; x_wconf 90' lang='lat' dir='ltr'>ea</span> <span class='ocrx_word' id='word_1_302' title='bbox 948 4574 1017 4639; x_wconf 86' lang='lat' dir='ltr'>sola</span> <span class='ocrx_word' id='word_1_303' title='bbox 1055 4580 1166 4661; x_wconf 87' lang='lat' dir='ltr'>petere</span> <span class='ocrx_word' id='word_1_304' title='bbox 1196 4571 1343 4639; x_wconf 78' lang='lat' dir='ltr'>decrevit</span> <span class='ocrx_word' id='word_1_305' title='bbox 1365 4592 1440 4657; x_wconf 83' lang='lat' dir='ltr'>quae</span> 
     </span>
    </p>
   </div>
   <div class='ocr_carea' id='block_1_7' title="bbox 0 0 1672 6240">
    <p class='ocr_par' dir='ltr' id='par_1_21' title="bbox 0 0 1672 6240">
     <span class='ocr_line' id='line_1_40' title="bbox 0 0 1672 6240; baseline 0 0"><span class='ocrx_word' id='word_1_306' title='bbox 0 0 1672 6240; x_wconf 95' lang='lat' dir='ltr'> </span> 
     </span>
    </p>
   </div>
  </div>
 </body>
</html>
