3316 6240
379 781 444 845 366
713 795 894 845 erinecunr
917 796 941 843 e.
965 795 1103 856 ruore,
1289 782 1367 864 [nm.
1385 797 1431 846 rv.

381 1066 460 1152 (52.)
481 1066 530 1131 De
541 1064 626 1152 filie
648 1064 784 1131 teetere'e
806 1066 845 1132 de
860 1063 1079 1141 Nortiae-evectu
1096 1086 1202 1151 quem
1221 1063 1432 1131 subuersum

655 1173 791 1233 eerwtue
815 1167 958 1233 Thomas
980 1165 1162 1233 eeweiteee't.

209 1328 237 1380 Α
245 1333 367 1409 yeever’s
424 1328 502 1393 Tria
516 1335 596 1393 sunt
610 1351 684 1415 quie
707 1331 807 1394 mirer
821 1330 857 1394 in
879 1329 941 1395 hee
957 1330 1133 1411 miraculo;
1156 1331 1236 1396 vitre
1252 1332 1429 1410 restitutie,

209 1396 329 1513 ghgghof
379 1452 461 1516 puer
476 1432 533 1515 qui
556 1432 666 1496 subite
688 1454 756 1497 non
778 1432 971 1518 comperuit,
991 1439 1026 1498 et
1048 1455 1135 1519 eque
1167 1433 1275 1499 bibite
1298 1457 1372 1519 quae
1395 1436 1432 1498 in

118 1532 122 1537 ’
209 1532 286 1608 W,
379 1532 521 1597 nihilum
543 1534 650 1599 rediit.

209 1597 354 1723 fflffim
423 1635 538 1700 Manet
571 1635 664 1720 quusi
703 1635 801 1700 tertio
839 1636 993 1701 milliario
1031 1637 1073 1701 eb
1107 1637 1186 1701 urbe
1227 1637 1431 1703 Dorobernia

209 1729 358 1857 ξδξζθῑὲγῑὲῑ·
378 1742 489 1802 textor
511 1736 654 1822 quidem,
678 1736 833 1803 Salomon
859 1739 1000 1815 nemine,
1024 1739 1118 1824 eujus
1149 1739 1219 1805 filia
1245 1740 1429 1825 quinquen-

207 1831 344 1927 maiole,
378 1838 430 1902 nis
456 1838 616 1923 sanguine
646 1836 702 1903 se1
733 1839 830 1903 suillo
861 1840 1122 1917 commacularet,
1146 1863 1228 1927 quos
1258 1842 1301 1907 ed
1333 1864 1429 1906 usum

208 1932 322 2045 &⁰¹⁰³
356 1934 425 2004 'rei
447 1938 618 2005 familiaris
641 1940 710 2025 ipse
733 1940 965 2007 trucidaverat.
1021 1942 1111 2019 Haee,
1133 1964 1208 2010 eum
1239 1964 1273 2008 se
1299 1944 1429 2009 monitu

209 2060 349 2128 dunning.
378 2042 481 2127 petris
503 2041 659 2119 ablueret,
683 2042 803 2108 incidit
826 2043 862 2107 in
885 2048 1048 2129 stagnum.

421 2147 648 2214 Intereedente
663 2154 776 2213 autem
799 2169 897 2226 more,
914 2172 996 2235 puer
1011 2150 1154 2236 eleganti
1169 2151 1251 2216 faeie
1267 2157 1301 2216 et
1316 2152 1430 2218 tuniee

376 2251 539 2337 polymite
575 2252 680 2327 affuit,
719 2251 878 2317 nuntians
916 2253 995 2337 quie
1032 2254 1143 2338 puelle
1180 2254 1355 2320 fluctuaret
1392 2255 1428 2319 in

376 2355 474 2419 unde.
535 2353 723 2418 Advolante
753 2360 856 2441 petre,
880 2354 922 2418 ab
944 2376 1032 2440 eqrm
1055 2360 1205 2422 extreete
1227 2365 1285 2422 est.
1343 2357 1429 2424 Puer

375 2456 595 2521 ineontinenti
617 2476 684 2519 nen
707 2456 899 2540 comparuit.
945 2455 990 2520 Et
1013 2478 1087 2524 euru
1111 2459 1331 2545 requireretur
1353 2460 1428 2544 quis

375 2564 410 2623 et
432 2558 552 2644 quibus
574 2559 766 2644 perentibus
789 2564 882 2623 ortus
904 2558 1029 2637 fuisset,
1054 2583 1121 2625 non
1144 2561 1365 2627 meminerunt
1394 2584 1429 2627 ee

374 2665 462 2724 retro
495 2658 698 2745 temporibus
728 2666 800 2724 tote
823 2660 948 2724 vicinia
979 2660 1038 2725 illa
1068 2683 1207 2745 puerum
1239 2660 1427 2747 hujusmodi

375 2761 603 2847 conspexise03
633 2782 693 2826 nee
716 2760 790 2844 quie
818 2766 904 2825 esset
934 2782 954 2826 e
978 2783 1143 2847 quoquere
1174 2763 1343 2849 cognitum
1378 2769 1429 2828 est

374 2884 478 2947 usque
494 2862 530 2925 in
545 2866 740 2946 presentem
756 2860 851 2926 diem.
888 2860 1206 2947 Obstupeseentibus
1225 2864 1352 2929 eunetis
1369 2864 1427 2948 qui

373 2966 519 3042 ederent,
543 2963 790 3030 materfamiliae
813 2985 888 3029 eum
911 2964 1022 3029 vicine
1052 2965 1188 3031 muliere
1211 2967 1351 3032 eedaver
1373 2988 1427 3032 ee-

375 3069 500 3155 eipiens
523 3068 609 3131 exiit
630 3066 667 3130 in
690 3064 869 3151 publicum,
886 3066 969 3130 flens
992 3072 1027 3130 et
1038 3088 1143 3144 mune,
1168 3068 1313 3133 “Redde
1336 3069 1427 3147 mihi,

374 3180 392 3205 “
413 3178 542 3255 martyr
564 3169 698 3244 Thema,
721 3168 826 3232 filiam
849 3189 964 3233 meam.
1027 3168 1064 3232 si
1087 3169 1141 3233 eui
1163 3190 1258 3234 eaeus
1289 3169 1343 3235 hie
1364 3170 1426 3235 im·

376 3282 392 3308 ‘⁴
415 3273 584 3359 putandus
617 3277 676 3347 eet,
703 3276 810 3335 meter·
841 3270 910 3335 sele
940 3272 1063 3336 crimen
1096 3269 1205 3348 habet,
1229 3294 1304 3357 quae
1327 3294 1426 3358 vuge-

375 3384 392 3411 “
414 3376 535 3441 bundae
573 3373 724 3460 pueritiae
758 3373 940 3438 custodium
978 3396 1045 3438 non
1074 3373 1246 3460 delegavit.
1308 3375 1426 3454 Debui,

375 3486 392 3513 ‘¹
416 3476 487 3563 (sed
517 3498 603 3543 crece
635 3474 707 3561 fui)
740 3496 841 3559 puero
874 3475 1000 3540 dedisse
1035 3476 1258 3561 paedagogum.
1313 3477 1427 3542 Redde

376 3588 392 3614 ‘⁴
413 3579 505 3656 mihi,
528 3576 790 3663 mertynffliem
814 3598 929 3642 meam.
984 3576 1044 3641 Vae
1076 3577 1179 3641 mihi!
1211 3600 1319 3643 eorem
1352 3579 1424 3644 Deo

375 3692 391 3718 ‘⁴
413 3681 624 3768 negligentiae
647 3680 771 3746 crimen
797 3681 936 3756 incurro,
961 3684 1125 3744 eteorum
1156 3680 1344 3745 hominibus
1374 3682 1425 3745 in·

374 3796 390 3821 “
412 3787 522 3852 famiae
544 3791 658 3849 notem
681 3806 749 3848 nen
767 3782 895 3868 effugio.
943 3782 1056 3846 Redde
1080 3782 1171 3859 mihi,
1188 3790 1306 3861 sancte,
1323 3784 1426 3849 filiam

374 3897 391 3924 “
413 3910 539 3966 meem;
570 3907 662 3953 eeree
695 3885 739 3950 ed
760 3883 928 3949 tumulum
959 3889 1056 3948 tuum
1079 3885 1284 3969 appendetur
1307 3886 1424 3971 image.

374 4001 390 4025 “
413 3990 527 4055 Redde
550 3988 633 4053 mihi
655 3986 759 4051 filiam
781 3984 915 4049 meern.’'
977 3984 1033 4051 Sie
1056 3993 1073 4019 “
1088 3985 1202 4050 Redde
1216 3985 1248 4049 !''
1275 3992 1425 4051 materne

373 4091 572 4179 protervitee
603 4086 847 4174 multiplieevit‚
872 4087 974 4151 donee
1004 4092 1144 4173 paterne
1166 4087 1272 4173 pietas
1304 4109 1425 4153 nomen

372 4195 488 4260 matris
525 4192 624 4259 metri
662 4191 820 4266 redderet,
854 4194 889 4253 et
923 4189 1000 4254 filire
1032 4190 1148 4255 vitem.
1218 4189 1314 4269 Quod
1349 4213 1424 4256 eum

372 4299 496 4365 fectum
530 4297 654 4372 fuisset,
687 4315 773 4379 eque
810 4291 898 4357 illico
933 4314 1007 4377 quae
1040 4293 1265 4359 ventriculum
1299 4294 1424 4359 disten-

373 4400 467 4467 deret
489 4397 634 4465 evanuit.

380 4578 733 4589 -—.---—-.—-..
754 4575 885 4582 ——..
987 4575 1415 4584 ---——.-..---—--—-—-—-—-—-—

743 4679 751 4711 ¹
767 4697 793 4729 ee
804 4678 939 4730 interlined
950 4678 975 4729 in
988 4680 1043 4731 MS.
