3316 6240
378 804 443 871 tas
712 818 891 870 cirninum
914 823 938 868 s.
963 820 1099 881 rflonm,
1286 806 1363 889 [Lm.
1380 822 1425 870 vr.

377 1006 536 1070 visionem
547 1005 695 1069 revolvit.
729 1006 855 1069 Rursus
870 1011 1029 1070 nocturno
1046 1026 1159 1069 somno
1175 1006 1268 1070 videt
1284 1007 1425 1071 eundem

377 1112 558 1193 martyrem
581 1130 639 1193 per
661 1108 809 1192 superius
834 1108 1023 1172 monasterii
1047 1108 1251 1173 cenaculum
1268 1109 1424 1173 deambu-

376 1209 510 1274 lantem.
557 1211 589 1273 A
604 1232 669 1295 quo
691 1210 877 1295 increpatus
893 1211 980 1294 quod
1004 1210 1065 1273 sibi
1080 1231 1149 1273 non
1165 1210 1426 1295 obtemperasset,

376 1311 547 1395 respondit
584 1333 617 1373 se
661 1310 766 1374 vereri
804 1316 964 1374 tenrerare
1002 1311 1271 1374 consuetudinem
1310 1312 1426 1396 patriar

378 1434 454 1477 suae.
502 1412 689 1476 Subintulit
722 1411 785 1488 ille,
819 1412 989 1476 “Dimitte
1029 1412 1091 1476 hoc
1121 1412 1211 1488 mihi,
1243 1413 1322 1497 quia
1352 1413 1427 1498 plns

378 1523 395 1546 “
419 1512 543 1578 contuli
566 1513 636 1575 tibi.
684 1512 832 1596 Cumque
849 1512 1087 1596 repatriaveris,
1104 1513 1130 1575 si
1155 1513 1270 1597 patriis
1293 1535 1427 1577 consue-

279 1686 284 1698 ,
379 1625 396 1649 “
420 1615 529 1678 tudini
551 1620 723 1699 tantopere
747 1614 860 1689 defers,
877 1615 912 1676 in
936 1614 1186 1678 similitudinem
1209 1615 1286 1678 ferri
1309 1615 1426 1699 prioris

379 1728 396 1751 “
418 1717 481 1801 tibi
504 1716 594 1783 aliud
618 1716 842 1780 instaurabis.'’
889 1717 1059 1802 Evigilans
1090 1717 1192 1802 igitur
1212 1718 1327 1782 recolit
1349 1719 1428 1802 (pria

378 1817 491 1904 paucis
513 1822 591 1881 ante
614 1816 730 1881 (liebus
752 1816 865 1880 morbo
880 1818 975 1901 gnavi
998 1817 1148 1881 laborans
1172 1817 1262 1881 etad
1278 1823 1426 1883 extrema

378 1918 538 1984 deductus
572 1941 630 2004 per
660 1939 780 2002 aquam
808 1919 913 1983 saneti
937 1919 1072 1983 sanitati
1106 1919 1279 1982 restitutus
1302 1919 1424 1984 luisset.

378 2021 476 2087 Unde
506 2021 611 2085 libens
641 2021 775 2085 monitis
802 2020 974 2105 acquievit,
998 2042 1064 2085 non
1087 2026 1155 2085 tam
1178 2020 1335 2086 lateribus
1358 2022 1426 2086 suis

378 2144 513 2208 parcens
536 2141 634 2206 quam
657 2121 796 2205 martyri
820 2121 1029 2187 satisfaciens,

394 2381 474 2464 (26.)
498 2379 546 2444 De
566 2378 696 2444 aratra
720 2376 818 2443 cereis
845 2376 1015 2443 <livinitus
1032 2375 1184 2442 Picteeia
1208 2379 1353 2443 occe-nais
1384 2375 1425 2443 ia

422 2484 536 2550 certitu
559 2484 706 2568 rjarcrlem
731 2483 830 2549 arluc
855 2483 1000 2569 epicarmi
1023 2505 1047 2547 a
1068 2489 1219 2569 arnapa
1245 2483 1383 2550 Thorace

209 2657 290 2719 John,
423 2650 438 2674 “
454 2640 630 2715 lohannes,
654 2641 717 2705 Dei
739 2641 848 2726 gratia
881 2640 1084 2705 Pietavensis
1118 2639 1259 2706 ecclesiae
1289 2641 1424 2705 humilis

208 2724 364 2852 {l'gllffilssgfto
378 2751 393 2775 “
417 2743 564 2807 sacerdos
580 2749 614 2807 et
629 2742 815 2827 apostolieae
839 2740 923 2805 sedis
946 2742 1082 2827 legatus,
1105 2742 1218 2807 amicis
1241 2742 1276 2804 in
1292 2742 1425 2807 Christo

207 2857 353 2936 memorius
377 2852 394 2877 “
416 2844 643 2921 dilectissimis,
661 2844 769 2909 Odoni
791 2843 970 2908 vonerabili
994 2844 1094 2928 priori
1118 2848 1152 2908 et
1173 2845 1350 2909 conventui
1375 2866 1425 2911 ec·

207 2922 345 3040 ilirilm'
377 2957 393 2980 “
416 2946 521 3012 clesiae
537 2946 662 3012 Christi
678 2945 875 3021 Cantuarire,
891 2945 1031 3010 salutem
1047 2945 1274 3031 utplurimum
1290 2948 1423 3014 sincerae

376 3058 392 3084 “
414 3050 561 3116 caritatis
583 3048 744 3114 affectum.

208 3176 351 3230 ΟΜΝ,
420 3151 593 3216 “Noverit
616 3149 746 3215 dilectio
774 3157 884 3214 vestra
914 3149 1001 3234 quod
1033 3149 1182 3214 exhibito
1205 3150 1299 3215 nobis
1323 3174 1345 3216 a
1366 3152 1423 3217 do·

206 3246 341 3361 lllmsff⁰¹¹¹
376 3261 392 3287 “
415 3253 504 3319 mino
520 3276 594 3338 rege
611 3251 821 3315 salutationis
836 3250 941 3316 officio
957 3249 1116 3336 signoque
1131 3253 1221 3337 pacis
1236 3274 1275 3317 ac
1296 3255 1420 3338 gratiae,

205 3326 345 3440 sigilis,
375 3364 392 3389 “
415 3376 565 3439 prospere
589 3374 647 3438 per
672 3353 814 3438 gratiam
837 3352 901 3416 Dei
925 3353 1046 3417 reversi
1081 3374 1194 3416 sumus
1216 3354 1258 3417 ad
1281 3357 1419 3440 propria.

205 3442 360 3559 ffiffis‘*
376 3466 392 3491 “
416 3456 483 3520 Ubi
507 3461 632 3539 quanta
666 3454 851 3519 reverentia
882 3458 917 3518 et
939 3460 1065 3539 spuanta
1096 3455 1271 3520 devotione
1294 3477 1315 3521 a
1335 3457 1421 3524 clero

206 3581 258 3624 two
269 3545 330 3626 0⁸13}
376 3568 392 3593 “
417 3563 452 3622 et
484 3557 605 3642 populo
640 3556 761 3641 recepti
800 3556 967 3633 fuerimus,
1002 3556 1113 3623 favore
1150 3558 1301 3645 pnedicti
1335 3583 1420 3626 mar-

205 3640 361 3757 ffirb'gfflfh
376 3668 393 3695 “
416 3660 508 3744 tyris,
540 3658 633 3742 eujus
656 3657 804 3742 reliquiis
827 3657 945 3722 civitas
968 3664 1081 3724 nostra
1103 3661 1286 3727 ministerio
1308 3668 1420 3729 nostro

207 3770 289 3821 extin-
375 3771 391 3796 ‘¹
414 3768 449 3826 et
488 3760 646 3825 beneficio
680 3764 789 3824 vestro
823 3761 944 3824 meruit
979 3760 1144 3837 illustrari,
1183 3765 1317 3829 effectus
1350 3766 1420 3851 ipsc

205 3840 334 3956 {5⁰¹⁸}ssssss
375 3873 392 3899 “
415 3869 567 3949 patenter
589 3862 726 3927 edocuit.
789 3861 960 3945 Siquidem
985 3862 1072 3927 facto
1095 3862 1131 3925 in
1154 3884 1322 3930 occursum
1345 3889 1421 3931 nos-

205 3972 320 4046 eurpmry
374 3976 391 4001 ‘⁴
413 3974 502 4030 trum
541 3966 583 4030 ab
615 3963 705 4029 onmi
743 3968 850 4039 aetate,
873 3965 915 4028 ab
946 3964 1034 4028 omni
1074 3987 1163 4043 sexu,
1201 3969 1341 4032 certanti
1364 3970 1419 4033 cle-

205 4038 338 4102 ¹⁰¹¹⁸¹¹m
375 4078 392 4103 “
414 4070 547 4133 votione
585 4088 752 4142 concursu,
791 4066 943 4130 ordinata
980 4067 1088 4143 ctiam,
1120 4068 1206 4133 sieut
1235 4071 1420 4136 reverentia

374 4180 391 4206 “
413 4171 526 4256 exigit,
564 4169 691 4234 solenni
726 4167 954 4234 canonicorum
992 4174 1177 4235 nostrorum
1209 4172 1418 4256 processione,

375 4282 392 4307 “
415 4273 498 4338 cerei
531 4271 604 4348 duo,
628 4275 729 4335 vento
761 4276 794 4334 et
825 4270 985 4334 liberioris
1017 4271 1101 4336 acris
1124 4272 1231 4357 spatio
1253 4275 1419 4351 exstincti,

373 4380 391 4408 ‘⁸
414 4373 490 4459 igne
524 4372 688 4436 divinitus
711 4370 841 4436 indulto
873 4371 924 4435 bis
955 4372 1082 4438 accensi
1109 4380 1196 4449 sunt,
1220 4375 1335 4440 multis
1369 4377 1418 4439 vi-

372 4486 388 4511 '‘
411 4475 565 4540 (lentibus
595 4474 759 4540 coelestem
782 4473 941 4538 virtutem
971 4473 1101 4539 coelitus
1124 4475 1317 4542 emicantem
1341 4500 1419 4545 voce

372 4578 591 4662 “gratiarum
637 4581 670 4642 et
715 4575 823 4641 landis
875 4576 1085 4642 devotissime
1138 4580 1417 4665 prosequentibus.

371 4689 387 4715 “
412 4680 551 4744 Valete.'’
