3316 6240
382 788 447 858 476
717 802 897 854 russeum
919 803 944 852 s
967 788 1437 873 rsonn,[rm.v1.

212 991 286 1043 mr
280 1009 301 1043 ιε
379 990 503 1057 invitat
504 1012 542 1055 us
488 991 600 1057 tab
614 989 680 1055 elio
695 989 838 1075 quodam
853 989 911 1074 qui
927 1009 961 1053 se
975 988 1101 1075 gurgiti
1117 986 1206 1104 prior
1221 987 1438 1062 immerserat,

212 1061 359 1178 ξᾙξᾞρ
381 1093 444 1159 Oui
468 1094 547 1159 dum
569 1093 780 1158 animositate
811 1092 974 1156 niteretur
995 1091 1200 1177 aequiparari,
1224 1112 1292 1157 non
1321 1093 1438 1158 anima

210 1194 336 1312 {med
380 1196 501 1283 refugit
524 1201 559 1262 et
592 1216 723 1281 corpore
757 1193 962 1280 periclitari;
1000 1192 1258 1278 trahebaturque
1286 1214 1363 1260 cum
1387 1216 1436 1272 eo,

228 1263 328 1311 rosum
379 1321 477 1385 quem
508 1300 577 1366 fata
608 1297 792 1363 trahebant.
849 1295 936 1361 Nam
960 1301 1035 1381 post
1067 1295 1196 1380 aliquot
1218 1316 1333 1380 passus
1356 1297 1436 1362 sub·

378 1424 503 1467 mersus
526 1407 560 1467 ct
582 1401 738 1486 abreptus
761 1404 812 1463 est
834 1399 961 1484 impetu
984 1397 1134 1484 gurgitis,
1154 1397 1212 1483 qui
1235 1399 1437 1464 temeritatis

378 1528 495 1572 ausum
518 1505 683 1592 praestitit.
730 1503 826 1567 Alter
848 1523 934 1577 vcro,
951 1522 1025 1566 curn
1050 1500 1172 1566 vadum
1195 1521 1262 1567 non
1285 1502 1437 1580 sentiret,

378 1609 543 1695 deprecari
566 1613 744 1691 martyrem
767 1605 877 1690 coepit,
901 1605 937 1668 in
959 1604 1055 1690 cujus
1084 1603 1207 1669 honore
1236 1604 1372 1669 missam
1395 1626 1437 1671 ea

378 1712 430 1778 die
447 1711 615 1777 decantari
637 1710 764 1784 fecerat,
782 1714 816 1772 et
830 1707 924 1791 cujus
948 1707 1139 1792 peregrinus
1163 1706 1290 1792 pridem
1316 1706 1435 1772 fuerat.

378 1813 429 1878 Ex
446 1818 526 1879 tunc
546 1817 641 1878 tanto
663 1810 806 1897 pondere
830 1831 960 1895 pressus
983 1813 1089 1873 estut
1111 1808 1173 1873 sub
1196 1829 1283 1894 equa
1297 1809 1437 1878 vaderet

378 1923 412 1983 et
434 1917 570 1993 videret,
594 1915 697 1981 donec
723 1921 903 1999 emergeret
926 1917 960 1977 et
982 1913 1088 1997 ripam
1112 1916 1246 1976 teneret.

380 2152 459 2236 (79.)
484 2150 531 2215 De
557 2148 673 2214 clerico
695 2169 759 2234 per·
783 2146 881 2231 cujas
906 2144 1096 2210 orationem
1126 2150 1261 2230 rnurtyr·
1294 2142 1438 2210 ibertus

467 2251 594 2339 ιίιιιιίιί
621 2250 820 2316 irrecudiurn
836 2247 924 2335 quod
947 2247 1148 2316 intercinebat
1178 2247 1300 2325 torreo,
1333 2256 1362 2315 et
1395 2250 1436 2316 de

468 2353 625 2440 urrrprdlu
663 2354 705 2419 in
742 2351 882 2419 deorum
919 2372 1090 2418 accenseor
1135 2351 1289 2438 projectu,
1329 2375 1437 2441 qna-m

468 2455 656 2524 (discidium
678 2454 881 2523 consecravit
904 2453 1157 2521 timerettimcret.

423 2615 549 2683 Olerico
579 2616 652 2691 duo,
676 2606 813 2700 profecti
836 2612 1050 2679 Cantuariem
1080 2633 1180 2689 oraro,
1210 2621 1438 2683 convenerunt

378 2719 415 2785 in
448 2720 587 2798 itinere;
620 2725 655 2785 et
687 2718 906 2805 interregavit
936 2718 1022 2785 alter
1055 2717 1196 2783 alterum
1231 2717 1306 2803 quie
1340 2726 1436 2799 esset,

210 2839 299 2907 Ιιιιιιιι,
380 2823 476 2900 unde,
501 2828 535 2888 et
557 2844 622 2908 quo
653 2822 810 2887 tenderet.
858 2821 924 2902 Qui
947 2820 1166 2907 respondit‘
1169 2820 1291 2908 ‘Hugo
1314 2842 1437 2889 nomen

211 2923 303 3025 ξιΜ
316 2905 398 2961 ⁰s“
382 2925 511 3002 “mihi,
543 2925 626 2992 villa
662 2923 818 3001 Ruthebi,
853 2943 919 3008 qua
952 2946 1005 2988 me
1039 2921 1209 2999 Dominus,
1245 2945 1437 3010 quenquam

213 3042 257 3103 (ι)
231 2975 397 3101 otdrdyriff
381 3029 602 3116 “indignum
634 3026 792 3094 beneficio
824 3026 982 3113 dignatur
1013 3026 1229 3093 ecclesiastico
1260 3033 1294 3091 et
1325 3049 1436 3113 perso-

211 3109 389 3223 22⁰5&
390 3138 520 3199 ‘natus
542 3131 673 3198 honore.
721 3128 864 3197 Causam
897 3130 1128 3218 peregrinandi
1163 3131 1321 3216 praestitit
1351 3132 1436 3198 mihi

212 3240 388 3292 fromfire‘
390 3239 547 3319 ‘martyr
584 3232 725 3299 Thomas
764 3237 798 3297 et
836 3231 961 3298 orandi.
1023 3231 1157 3297 Accidit
1195 3232 1291 3309 enim,
1329 3234 1436 3313 eredo,

380 3344 396 3370 “
419 3335 560 3422 peccatis
583 3335 664 3401 meis
691 3333 909 3420 exigentibus,
933 3337 993 3399 aut
1017 3330 1105 3419 [ut]¹
1139 3354 1221 3418 opus
1244 3332 1306 3397 Dei
1329 3336 1436 3400 mani-

380 3447 397 3473 “
419 3439 594 3504 fostaretur
625 3438 661 3501 in
688 3459 747 3513 me,
780 3436 915 3502 domum
946 3457 1053 3502 meam
1085 3436 1238 3502 inccndio
1267 3436 1437 3522 deperire;

381 3549 441 3604 “a
471 3560 537 3624 qua
558 3543 679 3604 ventus
708 3538 903 3605 incumbens
934 3537 1101 3604 flammam
1132 3542 1166 3602 et
1196 3537 1344 3605 favillam
1374 3540 1437 3606 im-

381 3650 397 3676 “
420 3640 564 3727 pellebat
585 3640 622 3705 in
647 3639 809 3718 horreum,
834 3640 921 3726 quod
953 3640 1064 3705 stabat
1086 3639 1200 3705 domui
1234 3640 1435 3726 contiguum,

382 3742 673 3828 “minabaturque
705 3764 878 3820 annonam,
902 3763 976 3827 quae
1008 3740 1202 3807 servabatur
1235 3741 1271 3804 in
1301 3763 1434 3821 annum,

382 3856 398 3882 “
420 3846 545 3933 pariter
574 3846 610 3911 in
640 3845 789 3912 favillam
812 3846 967 3931 redigere.
1015 3843 1112 3924 Quod
1135 3844 1293 3909 damnum
1316 3844 1435 3912 videns

381 3960 398 3984 “
421 3956 455 4015 ct
476 3970 609 4036 gemens
633 3949 812 4025 imminere,
836 3948 936 4035 (ignis
959 3947 1048 4012 enim
1072 3967 1211 4032 magnus
1234 3954 1433 4027 exereverat,

381 4061 398 4086 “
420 4058 493 4117 trun
516 4073 534 4117 e
557 4051 673 4117 domus
707 4049 920 4128 sublimitate,
944 4056 1017 4114 tum
1048 4070 1090 4114 ex
1120 4068 1237 4114 acervo
1268 4048 1352 4114 fabre
1376 4050 1436 4136 qui

381 4164 397 4189 “
419 4154 534 4220 horreo
579 4154 772 4240 adjacebat)
818 4158 998 4239 martyrem
1044 4150 1203 4217 Thomam
1242 4151 1435 4238 deprecatus

383 4268 398 4291 “
421 4280 502 4336 sum,
536 4279 578 4323 ne
610 4261 728 4323 crotera
758 4256 905 4322 nondum
938 4255 1075 4342 depasta
1113 4255 1300 4341 depasceret
1338 4255 1433 4342 ignis.

383 4371 400 4396 “
423 4361 575 4426 Mirabile
598 4360 689 4426 dictu
701 4385 709 4439 ;
739 4360 924 4425 adnomen
957 4359 1114 4448 martyris
1136 4363 1257 4424 ventus
1279 4358 1436 4445 parcere²

383 4472 400 4498 “
423 4465 514 4529 visus
538 4470 595 4540 est,
619 4465 781 4549 flatusque
815 4486 897 4541 suos,
919 4485 984 4549 quo
1008 4464 1042 4526 irr
1066 4462 1244 4546 perniciem
1268 4463 1314 4527 rei
1338 4461 1434 4528 farni-

415 4710 422 4742 ¹
441 4709 588 4761 Intorlinert.
