3316 6240
142 730 186 795 60
519 746 601 797 vrm
622 749 648 797 s.
671 748 809 809 moun,

143 932 161 959 “
183 930 276 991 tuam
298 926 397 993 alicui
419 948 564 1013 personae
587 930 727 995 velimus
742 930 779 995 in
800 930 1027 999 ecelesiasticis
1049 932 1190 1011 subesse,

144 1032 161 1059 “
183 1046 244 1091 noc
257 1025 322 1091 nisi
337 1034 469 1093 tantum
481 1030 630 1095 Romano
644 1031 793 1117 pontifici
809 1032 967 1099 obedire.''
1008 1032 1097 1099 Nam
1112 1034 1191 1119 quia

142 1126 293 1193 audierat
308 1128 543 1195 Eboracensem
556 1130 566 1169 ¹
589 1152 717 1197 crucem
739 1154 833 1199 suam
857 1134 893 1197 in
907 1134 1023 1219 stipite
1037 1134 1190 1200 elationis

142 1228 308 1306 extulisse,
324 1238 359 1295 et
380 1238 495 1297 eontra
516 1234 786 1299 consuetudinem
810 1257 868 1321 por
882 1236 1087 1321 provinciam
1102 1236 1189 1301 Can-

142 1332 341 1397 tuarienaem
375 1334 508 1411 deferre,
543 1336 714 1421 prohibuit
736 1358 778 1403 ne
813 1337 847 1401 id
879 1338 921 1403 de
951 1344 1070 1403 uetere
1106 1360 1189 1423 prae-

141 1432 346 1499 sumeretur.²
391 1434 522 1521 Scripta
548 1438 779 1522 prohibitionis
802 1443 917 1503 eontra
947 1437 1188 1523 impudentiam

141 1536 407 1621 praesumptionis
430 1536 586 1602 duximus
608 1538 806 1605 annotanda

175 1797 255 1883 (54.)
279 1797 412 1865 Ia'tierm
434 1799 626 1867 Aleraadri
645 1820 748 1885 prrpee
770 1800 811 1865 de
833 1798 1000 1887 dignitate
1024 1798 1151 1864 Garates·

512 1902 659 1969 oriensis
680 1900 824 1969 aetesiae.

12 2056 61 2101 ner
72 2052 103 2103 os
178 2036 371 2094 “Alexander
388 2057 464 2111 papa
491 2040 667 2095 Eboraccnsi
685 2039 902 2111 archiepiscopo
919 2046 950 2093 et
976 2036 1110 2092 omuibus
1129 2036 1190 2107 opi·

1 2128 129 2181 epopote
143 2122 161 2145 “
181 2121 276 2191 scopis
293 2121 419 2193 Angliae.
455 2124 528 2177 Eam
545 2141 634 2194 quam
652 2141 687 2177 cx
705 2124 835 2193 injuncto
853 2120 936 2175 nobis
953 2120 1046 2175 officio
1067 2120 1105 2175 de
1124 2118 1189 2175 nui·

1 2184 102 2233 eurch-
142 2204 161 2229 ιι

4 2248 109 2313 hopes
142 2289 160 2314 „

183 2221 334 2259 versorum
360 2206 428 2277 jure
445 2206 476 2261 in
495 2224 548 2260 sua
574 2206 746 2275 integritate
764 2204 907 2259 servando
928 2220 1027 2258 euram
1054 2208 1189 2257 tenemur·

3 2314 106 2367 „md
180 2292 211 2341 et
229 2288 456 2343 sollicitudinem
475 2306 579 2359 gerere
597 2288 635 2343 ad
653 2286 771 2341 illorum
787 2287 918 2358 justitias
937 2286 988 2355 qui
1015 2286 1045 2340 in
1072 2292 1188 2357 partem

141 2372 161 2396 ιι

19 2396 48 2429 er

0 2446 84 2513 1109„
142 2456 160 2479 ιι

180 2369 387 2427 sollicitudinis
404 2372 487 2426 nobis
506 2372 668 2427 commissas
687 2388 705 2425 a
723 2370 848 2423 Domino
867 2374 937 2423 sunt
954 2368 1060 2433 vocati,
1080 2374 1190 2440 quanto

181 2452 212 2507 in
238 2452 331 2523 gradu
357 2454 520 2509 sublimiori
546 2453 684 2515 existunt,
713 2458 796 2507 tanto
823 2451 1005 2523 frequentius
1021 2458 1189 2523 retorquere

140 2538 160 2561 ‘⁶
180 2534 329 2599 debemus,
343 2542 374 2589 et
385 2552 471 2605 super
488 2534 535 2589 his
553 2534 691 2604 majorem
704 2532 890 2603 diligentiam
908 2544 938 2587 et
955 2550 1056 2587 euram
1067 2550 1189 2605 propen-

142 2620 161 2645 “
181 2618 287 2672 aierem
304 2617 420 2671 habere.
456 2618 522 2672 Hae
540 2616 687 2687 siquidem
705 2614 936 2671 consideratione
955 2616 1068 2670 inducti
1085 2616 1189 2671 frater·

142 2702 161 2727 ‘¹
180 2699 266 2753 nitati
284 2706 387 2755 vestrm
413 2717 467 2771 per
484 2699 642 2771 apostoliea
660 2699 770 2769 scripta
788 2698 984 2769 precipiendo
1009 2697 1188 2766 mandamus,

142 2786 161 2811 “
181 2788 212 2839 et
237 2784 267 2837 in
294 2784 404 2839 virtute
434 2783 607 2838 obedientiae
636 2780 827 2852 injungimus,
857 2788 998 2851 qrratenna
1027 2798 1113 2851 super
1142 2782 1190 2839 bis

141 2870 160 2893 “
179 2884 244 2938 quae
269 2866 306 2921 ad
324 2867 455 2923 ecelesiae
483 2863 700 2921 cantuariensis
722 2864 800 2933 jura,
828 2862 988 2934 dignitates
1014 2864 1112 2929 etiam,
1139 2870 1191 2921 aut
1260 2926 1265 2933 ,

141 2952 160 2979 “
178 2950 329 3006 libertates
346 2958 476 3021 spectare
488 2953 659 3011 noscuntur,
678 2964 731 3001 vos
750 2947 812 2999 sine
830 2946 1006 3001 conscicntia
1023 2952 1054 3001 ot
1071 2964 1190 3005 mensu

140 3036 159 3060 ‘⁴
178 3033 354 3089 venerabilis
380 3033 479 3086 fratris
503 3031 598 3085 nostri
623 3029 751 3093 Thema,
781 3028 910 3099 ejusdcm
935 3028 1066 3085 eeclesiae
1095 3030 1190 3085 arehi-

140 3119 159 3142 “
179 3115 315 3185 episcopi,
335 3114 530 3169 intromittere
557 3112 725 3167 nallatenus
751 3112 944 3182 prasumatis,
963 3128 1016 3167 nee
1041 3112 1190 3167 occasions

140 3200 159 3225 ‘⁴
178 3197 381 3268 appellationis
400 3213 488 3266 quam
501 3202 604 3251 contra
622 3213 690 3250 eum
709 3194 745 3249 od
764 3212 816 3248 nos
834 3194 944 3249 fecistis
957 3194 988 3249 id
1005 3194 1190 3267 aliquatenus

140 3282 159 3307 “
178 3279 368 3349 attemptatis.
405 3278 487 3347 Quod
506 3278 531 3332 si
550 3278 657 3349 aliquis
676 3283 808 3333 vestrum
826 3283 928 3331 eontra
945 3278 999 3332 boo
1012 3284 1189 3349 praeceptum

139 3364 158 3389 ‘⁶
179 3368 310 3417 nostrum
334 3361 466 3431 quolibet
478 3379 549 3415 ausu
571 3362 672 3417 venire
685 3360 911 3432 praesumpserit,
929 3360 973 3415 ita
990 3376 1138 3417 excessum
1155 3363 1190 3433 ju

405 3444 416 3477 ³
1154 3444 1171 3471 ’2

171 3820 179 3852 ¹
196 3819 416 3884 areldepiscopum,
434 3818 546 3869 inserted
563 3817 590 3867 in
602 3816 637 3867 V.
687 3816 738 3864 had
757 3814 920 3877 pronoanoed
942 3822 968 3865 at
991 3814 1113 3881 Vezelay.
1157 3816 1189 3865 Iu

137 3900 167 3948 L.
687 3896 731 3944 the
741 3895 797 3944 first
808 3894 951 3959 paragraph
962 3895 992 3945 of
1005 3894 1064 3957 thia,
1076 3896 1109 3945 be
1120 3912 1189 3947 men-

170 3976 181 4007 2
190 3976 283 4038 jacere
289 3982 456 4038 presumeret,
467 3974 502 4024 V.
516 3976 546 4024 L.
687 3973 752 4021 tiens
780 3972 820 4021 his
854 3972 1049 4023 condemnation
1083 3976 1115 4025 oi
1143 3974 1189 4025 the

170 4052 288 4103 ³Alaaf
305 4053 326 4103 is
344 4052 404 4103 here
422 4051 533 4117 wanting
550 4052 576 4102 in
594 4052 638 4103 the
686 4064 788 4099 canons.
823 4050 879 4100 The
899 4050 1039 4115 beginning
1050 4052 1080 4101 ol
1095 4052 1189 4102 these-

139 4130 297 4183 Wincbester
314 4130 380 4192 MS,
391 4130 441 4180 and
461 4146 495 4179 on
515 4132 559 4179 tbe
575 4137 637 4179 next
686 4130 752 4179 rond
769 4130 911 4193 paragraph
923 4128 944 4179 is
955 4130 1017 4179 here
1035 4130 1151 4194 supplied
1160 4130 1189 4181 in

137 4226 202 4275 page
223 4226 262 4261 wc
286 4210 340 4259 find
361 4210 417 4261 that
438 4210 481 4259 the
503 4208 587 4258 writer
614 4208 636 4257 is
686 4206 811 4257 brackets.
844 4206 901 4256 The
912 4207 1019 4273 missing
1030 4208 1084 4258 leaf
1090 4210 1188 4275 maybe

136 4289 224 4357 giving
234 4306 251 4339 a
261 4291 335 4339 letter
346 4288 411 4339 from
423 4288 466 4337 the
483 4286 637 4351 archbishop
686 4287 813 4349 supposed
824 4293 850 4335 to
861 4286 926 4336 have
933 4286 1068 4337 contained
1075 4289 1189 4349 (bendaa

137 4368 168 4419 of
193 4368 352 4431 Canterbury
375 4375 402 4416 to
427 4364 466 4414 bis·
494 4366 636 4430 suffragans
685 4366 728 4414 tbe
740 4364 885 4414 conclusion
897 4364 929 4413 of
941 4380 988 4414 one
1000 4366 1073 4415 letter
1083 4367 1134 4415 and
1144 4366 1188 4416 the

139 4445 194 4509 (lib.
213 4446 229 4495 i.
250 4462 290 4509 cp.
310 4450 351 4503 96,
369 4446 408 4495 ed
420 4444 524 4507 Lupum
542 4444 635 4493 Thom.
685 4442 823 4507 beginning
834 4442 864 4491 ol
871 4442 990 4505 another)
1003 4458 1072 4493 some
1079 4452 1188 4493 account

137 4540 177 4586 ep.
202 4528 241 4583 73,
263 4526 303 4573 ed.
332 4524 428 4584 Giles),
451 4522 599 4585 containing
620 4538 636 4569 a
685 4522 716 4570 of
725 4520 1187 4588 thearebbishop'srisittoveaelay.

136 4613 220 4665 repon.
243 4604 273 4651 oi
290 4604 335 4651 ibe
357 4616 475 4651 censuras
497 4601 580 4649 which
603 4600 635 4648 he
