3316 6240
101 1282 105 1289 ·
221 1265 285 1315 um.
302 1248 353 1332 ιι]
423 1262 583 1347 rumora
604 1261 783 1312 mmmuo
806 1260 1071 1313 carrulamusr.
1207 1243 1272 1314 237

220 1470 288 1515 non
325 1454 395 1514 tam
432 1454 566 1536 propter
602 1470 674 1515 eam
712 1470 811 1534 quam
844 1453 979 1534 propter
1014 1447 1170 1513 collatum
1209 1447 1297 1525 sibi¹

221 1550 405 1641 sanitatem.
451 1550 502 1615 De
533 1571 606 1636 quo,
639 1550 795 1637 quoniam
825 1556 956 1635 tempus
988 1549 1101 1637 exigit,
1131 1572 1191 1636 par
1222 1554 1272 1614 est

222 1653 382 1738 expedire.

266 1753 480 1840 Cogitaverat
510 1753 564 1818 vir
601 1754 641 1818 de
675 1774 741 1839 quo
779 1752 946 1838 loquimur
983 1775 1022 1818 ea
1059 1753 1113 1819 die
1143 1773 1270 1817 summo
1285 1769 1409 1820 Herhua-

222 1853 366 1921 diluculo
388 1854 432 1919 ad
453 1855 586 1940 propria
599 1875 750 1920 remeare
797 1855 947 1939 Cumque
971 1854 1153 1920 dormitans
1174 1853 1272 1919 horas
1284 1836 1430 1952 {233³th

222 1956 328 2020 noetis
349 1956 528 2033 metiretur,
552 1961 681 2041 tempus
704 1955 936 2021 antelucanum
960 1961 1160 2043 exspectans,
1177 1956 1272 2021 uxori
1286 1967 1440 2031 rigatorem

222 2056 430 2141 compatiens,
462 2077 535 2141 quae
557 2061 755 2122 nocturnum
787 2057 851 2122 iter
885 2056 1089 2134 abhorrebat,
1112 2058 1199 2121 vidit
1216 2058 1272 2143 ju·
1285 2048 1340 2097 ⁰5⁰·

221 2179 338 2223 venem
372 2157 453 2224 facie
476 2163 653 2223 venustum
686 2158 866 2223 intrantem
901 2159 944 2224 ad
966 2180 1000 2224 se
1032 2165 1066 2224 et
1100 2160 1271 2236 dicentem,

223 2267 239 2294 “
261 2259 362 2337 Heus,
406 2258 498 2345 cupis
535 2259 648 2324 videre
693 2264 844 2326 sanetum
889 2261 1074 2325 antistitem
1113 2260 1272 2325 Thomam

223 2361 453 2447 “priusquam
477 2359 647 2425 discedas?
671 2381 804 2445 sequere
820 2359 898 2424 me.''
948 2360 1077 2426 Ductus
1100 2360 1212 2444 itaque
1235 2361 1272 2423 in

221 2462 456 2526 monasterium
495 2460 620 2525 Christi
670 2459 860 2537 Salvatom's,
900 2461 1087 2546 disparente
1137 2462 1271 2526 ductore

222 2568 400 2647 martyrem
439 2561 654 2646 conspicatus,
693 2560 820 2646 junctis
850 2562 1004 2627 manibus
1041 2568 1075 2627 et
1112 2562 1273 2627 inclinato

222 2664 328 2749 capite
337 2668 489 2739 stantem,
502 2668 662 2748 tanquam
677 2663 824 2728 solennia
839 2663 1010 2729 missarum
1026 2664 1273 2729 celebratmum.

223 2763 394 2850 Evigilans
417 2769 529 2828 autem
552 2764 662 2828 visum
685 2764 835 2841 revolvit,
852 2771 886 2828 et
900 2765 1033 2849 conjicit
1055 2786 1089 2828 sc
1113 2765 1275 2829 divinitus

223 2864 431 2928 admonitum
454 2869 532 2928 ante
555 2863 732 2928 discessum
763 2885 860 2927 suum
883 2864 1018 2929 visitare
1040 2866 1196 2949 martyris
1226 2888 1275 2930 sc·

224 2961 407 3046 pulchrum.
454 2962 562 3047 Igitur
593 2983 668 3028 cum
703 2962 773 3027 dies
795 2969 987 3048 erumperet,
1018 2965 1120 3048 juxta
1151 2965 1276 3050 conjec-

225 3068 336 3128 turam
360 3064 515 3139 facturus
543 3063 609 3128 civi
633 3064 722 3150 apud
747 3086 845 3148 quem
870 3065 1101 3150 hospitabatur
1115 3067 1275 3132 visionem

226 3170 348 3241 narrat,
372 3170 408 3228 et
424 3164 545 3249 accipit
567 3186 605 3229 eo
628 3172 817 3230 renarrante
840 3167 961 3232 multos
984 3175 1112 3234 sanctos
1134 3171 1276 3236 eeclesiae

225 3266 408 3351 praesidere,
443 3265 625 3329 exorabiles
663 3271 698 3329 ct
731 3272 898 3351 promptos
930 3269 972 3332 ad
1006 3270 1275 3336 subveniendum.

227 3367 271 3430 Et
302 3367 426 3431 factum
457 3369 508 3429 est
539 3366 618 3430 dum
650 3365 945 3445 confabularentur,
969 3369 1175 3435 illuminatus
1209 3378 1277 3450 est;

226 3467 427 3552 caligaverat
448 3466 536 3531 enim
566 3466 650 3532 alter
672 3466 838 3533 oculorum
861 3468 939 3554 ejus,
971 3470 1095 3535 habens
1117 3472 1278 3538 maculam

227 3575 261 3633 et
295 3570 400 3633 fluens
437 3570 575 3634 assidue.
622 3569 832 3639 Exclamavit
862 3571 983 3657 itaque,
1009 3573 1106 3638 “Deo
1136 3576 1278 3660 getius!

227 3680 243 3705 “
266 3671 502 3747 videovideo!
524 3671 619 3734 Prius
641 3671 759 3736 videns
781 3694 884 3736 unum
906 3671 1081 3750 homiaem,
1104 3675 1186 3741 duos
1208 3699 1278 3747 sus-

226 3780 243 3807 “
265 3771 542 3858 picabar31nunc
565 3771 666 3838 etiam
681 3771 827 3858 indignis
837 3774 979 3858 gratiam
1002 3796 1095 3841 suam
1118 3777 1277 3864 largiente

226 3880 243 3906 “
265 3871 416 3949 Domino,
432 3872 537 3958 pilum
562 3873 806 3958 quantumlibet
831 3896 970 3960 parvum
986 3882 1080 3942 acute
1104 3878 1277 3944 discerno.”

31 4036 37 4045 ,
128 4024 131 4029 ,
226 3973 281 4039 Sic
311 3974 455 4051 alacrior,
488 3980 561 4038 tum
584 3975 709 4039 visione
733 3977 953 4060 praemonitus,
977 3984 1048 4043 tum
1073 3979 1277 4047 charismatis

224 4077 361 4161 pignore
391 4081 588 4161 praeventus,
624 4077 768 4142 cucurrit
801 4077 844 4142 ad
880 4079 1011 4164 gratias.
1059 4068 1186 4161 Quibus
1220 4106 1276 4148 ex-

226 4177 352 4252 solutis,
385 4198 457 4242 ecce
496 4199 571 4262 quae
610 4178 651 4242 de
683 4200 784 4244 uxore
819 4179 890 4265 ejus
922 4188 1055 4246 narrata
1092 4190 1171 4248 sunt
1209 4206 1276 4269 pue

226 4277 351 4343 foribus
373 4279 490 4364 templi
512 4279 729 4364 contigerunt.

461 4478 540 4565 (74.)
565 4478 613 4544 Dc
634 4478 776 4545 mediore
798 4502 870 4547 nou
891 4481 1030 4550 utulenta

181 4668 185 4675 ,
271 4612 442 4680 Eandem²
462 4615 603 4701 gratiam
627 4616 741 4681 eadem
763 4616 844 4683 hora
865 4620 984 4685 mulier
1006 4622 1146 4699 Botilda,
1171 4644 1276 4688 comes
1290 4631 1446 4685 Theircom-

226 4716 498 4800 peregrinationis
520 4718 592 4803 ejus
615 4722 649 4783 ct
671 4720 876 4798 convicanea,
900 4730 1073 4789 consecuta
1097 4729 1154 4789 est.
1194 4725 1276 4804 Quae
1290 4699 1435 4817 {2232ssss

1290 4830 1414 4898 eyesight.

264 5005 272 5038 ¹
289 5003 542 5072 suspicaturus-ms.
745 5009 750 5077 Ι
797 5011 808 5044 ²
828 5012 946 5075 Tandem,
956 5014 1012 5065 MS.
