3316 6240
399 791 441 852 ³0
778 804 862 853 vrrs
884 806 910 855 s.
932 805 1070 863 rnoua,

226 1001 374 1067 (nanos.)
397 990 517 1077 Herga,
541 990 644 1076 erepit
657 991 774 1055 domus
789 992 860 1077 ejus
883 992 993 1079 lignea
1008 992 1062 1057 die
1077 992 1292 1069 serenissima,
1316 994 1450 1079 quidam

225 1100 361 1153 ilnomen.
397 1092 583 1157 futurorum
615 1093 781 1177 primagio,
817 1094 911 1178 quasi
943 1098 1105 1159 scatentes
1140 1115 1267 1159 evena
1289 1094 1451 1181 lacrymas

397 1194 564 1270 distillare,
588 1194 793 1279 sudabatque
826 1193 954 1279 lignum
987 1196 1022 1259 in
1056 1200 1224 1280 stuporem
1251 1196 1450 1263 aedituorum

395 1302 429 1360 et
451 1296 598 1373 aliorum,
614 1296 672 1382 qui
695 1316 864 1381 nunquam
887 1318 921 1361 se
944 1297 980 1361 in
1002 1317 1041 1361 ca
1064 1296 1169 1361 simile
1192 1296 1313 1362 vidisse
1336 1300 1450 1363 memi-

393 1404 519 1462 nerant.
559 1398 804 1483 Oonjiciebatur
818 1405 930 1463 autem
953 1398 1032 1483 quia
1053 1398 1177 1462 malum
1201 1399 1350 1463 futurum
1365 1422 1449 1485 prae-

395 1498 557 1585 figuraret,
591 1504 625 1563 et
655 1500 810 1564 miserata
832 1499 959 1586 lugeret
997 1500 1167 1564 dominum
1191 1521 1296 1577 suum,
1323 1502 1377 1567 cui
1408 1502 1449 1567 de

394 1606 511 1665 cetero
538 1601 656 1665 datura
680 1622 747 1665 non
773 1607 844 1666 erat
866 1601 1055 1685 hospitium.
1094 1600 1238 1666 Veniens
1262 1602 1374 1687 itaque
1405 1604 1449 1669 ad

392 1702 501 1767 locum
523 1702 734 1777 destinatum,
758 1702 863 1787 regios
886 1700 983 1786 ejecit
1005 1700 1189 1787 armigeros,
1213 1723 1294 1787 quos
1317 1702 1448 1768 stabula

393 1824 454 1869 sua
475 1804 620 1888 repperit
642 1803 805 1888 irrupisse.

395 2052 474 2135 (21.)
498 2051 546 2116 De
568 2049 735 2115 vocatione
753 2048 883 2115 Tbontsc
905 2049 952 2115 ad
967 2049 1151 2116 consitium
1173 2056 1202 2117 et
1224 2050 1444 2117 aelectione.

222 2208 336 2271 charges
438 2206 572 2271 Postera
603 2206 663 2281 dic,
696 2206 818 2289 primos
833 2205 946 2270 visura
977 2206 1148 2283 tumultus,
1182 2206 1218 2270 in
1255 2206 1370 2270 multis
1392 2226 1445 2271 ac·

223 2274 379 2402 ffisstth,
393 2315 533 2373 ansatur.
573 2308 690 2384 Primo,
714 2307 802 2392 quod
833 2306 980 2371 Johanni
1014 2308 1152 2384 cuidam,
1187 2307 1353 2392 quondam
1385 2308 1447 2371 sub

221 2404 374 2520 3032&le
388 2411 618 2496 jurisdictione
652 2410 723 2494 ejus
755 2409 910 2495 litiganti,
934 2430 1000 2474 non
1035 2410 1230 2495 condignam
1257 2409 1446 2474 exhibuerit

222 2544 334 2599 emptos.
389 2513 564 2596 justitiam,
603 2518 637 2575 et
669 2532 743 2575 cunr
777 2532 874 2594 super
908 2510 970 2576 hoc
1008 2511 1201 2595 respondere
1240 2511 1398 2575 citaretur
1424 2530 1445 2575 a

221 2616 332 2689 (1·)‚0f
394 2614 483 2697 regia
520 2612 702 2687 severitate,
742 2632 925 2695 comparere
967 2612 1111 2676 noluerit
1148 2620 1182 2677 et
1215 2612 1285 2696 juri
1322 2633 1443 2697 parere.

223 2682 379 2807 ggffijus.
393 2713 576 2797 Respondit
607 2712 814 2776 Jehanneml
847 2713 978 2797 quidem
1010 2714 1072 2777 sub
1095 2736 1129 2777 se
1158 2713 1270 2798 judice
1304 2712 1445 2778 fundum

223 2812 308 2926 ῐῐθῖῑθ
393 2815 556 2899 quendam
580 2813 770 2889 vindicasse,
787 2814 844 2879 scd
867 2814 1058 2879 interventu
1077 2814 1196 2900 judicii
1215 2815 1271 2899 jus
1295 2816 1443 2880 debitum

221 2878 347 2995 ,ἶῑῖῐὲῃῗῗῗ
392 2918 454 2981 sibi
478 2918 513 2981 in
536 2917 731 3001 possessorio
753 2937 821 2980 non
845 2916 1025 2981 obtinuisse
1037 2941 1044 2995 ;
1067 2940 1101 2981 sc
1124 2924 1236 2981 autem
1263 2939 1361 3002 super
1382 2917 1444 2983 hoc

391 3020 538 3097 citatum,
561 3019 640 3103 quia
662 3018 715 3082 die
749 3018 969 3102 responsionis
991 3018 1137 3102 graviter
1163 3024 1361 3104 aigrotasset,
1385 3040 1443 3103 per

389 3123 477 3185 viros
494 3121 626 3185 idoneos
650 3141 742 3183 suam
758 3119 950 3194 absentiam,
966 3118 1052 3183 sieut
1066 3120 1166 3183 moris
1189 3126 1246 3195 est,
1263 3140 1441 3185 exarmasse.

392 3221 619 3286 Nihilominus
642 3226 763 3295 tamen,
787 3242 861 3285 cum
885 3219 925 3283 de
944 3220 1019 3304 jure
1043 3220 1102 3284 tali
1125 3227 1236 3305 posset
1250 3222 1441 3306 exceptione

223 3331 368 3379 lleisfimn
386 3321 508 3407 juvari,
532 3321 647 3385 curiali
670 3320 796 3405 judicio
828 3321 1072 3399 condemnatus,
1097 3322 1173 3387 fisco
1199 3324 1441 3409 quinquaginta

220 3396 327 3525 323&
390 3424 489 3488 libras
505 3423 634 3509 argenti
648 3421 814 3507 appendit,
831 3424 919 3507 quod
942 3424 1031 3509 regio
1047 3423 1168 3488 citatus
1191 3424 1297 3490 edicto
1313 3426 1440 3510 copiam

221 3526 440 3595 uuemsttarsui
464 3547 530 3590 non
546 3525 666 3589 feeerit.
713 3524 792 3589 Post
809 3524 973 3609 judicium
988 3530 1098 3589 autom
1124 3525 1216 3589 litem
1245 3527 1439 3602 instaurant,

218 3610 316 3659 Μὰ
389 3628 476 3713 quod
510 3627 660 3713 praedicti
698 3626 762 3689 viri
800 3626 1077 3711 postulationibus
1115 3648 1182 3691 non
1220 3628 1438 3695 satisfecisset.

220 3677 325 3727 further.
387 3730 508 3794 Verum
543 3727 816 3795 calumniantium
838 3729 1070 3813 protervitates
1108 3729 1161 3791 vir
1199 3729 1290 3792 verbi
1323 3736 1439 3815 POtens

387 3832 488 3909 elidit,
513 3832 687 3897 ostendens
710 3831 819 3894 virum
842 3830 1038 3914 praedictum
1054 3831 1115 3894 sub
1131 3850 1191 3894 sua
1209 3829 1439 3915 jurisdictione
1526 3868 1530 3875 ·

387 3932 521 4016 longum
555 3933 708 4018 litigasse,
742 3937 776 3996 et
807 3931 941 3997 tandem
973 3954 1047 3997 cum
1079 3932 1122 3997 ad
1152 3933 1287 3998 alterius
1317 3934 1440 4018 judicis

388 4032 608 4117 cognitionem
646 4031 900 4096 controversiam
938 4032 1114 4097 transferre
1151 4034 1320 4111 niteretur,
1361 4035 1439 4120 quia

388 4134 423 4197 in
439 4132 687 4217 probationibus
710 4132 889 4209 deficiebat,
905 4138 939 4197 et
955 4133 991 4197 in
1006 4156 1104 4200 carisa
1119 4133 1297 4213 diffidebat,
1309 4136 1438 4221 jurasse

386 4257 454 4301 non
492 4234 667 4321 propositis
705 4234 745 4299 de
776 4256 864 4300 more
903 4238 1115 4303 sacrosanctis
1154 4238 1341 4324 evangeliis,
1380 4238 1438 4303 sed

386 4344 506 4424 prrcter
538 4336 807 4403 consuetudinem
840 4338 982 4421 quodam
1005 4340 1110 4404 veteri
1141 4340 1304 4416 codicello,
1339 4362 1436 4425 quem

386 4441 427 4505 de
450 4438 613 4503 industria
635 4458 744 4503 secum
767 4437 897 4514 tulerat,
914 4445 1051 4525 arrepto,
1068 4462 1102 4504 se
1121 4439 1243 4524 judicis
1260 4440 1436 4526 iniquitate

736 4658 743 4689 ¹
760 4656 901 4717 lebannes,
912 4656 968 4708 MS.
980 4656 1094 4707 Winton.
