3316 6240
378 817 442 881 500
709 836 889 886 muscum
912 838 937 886 s.
960 838 1098 898 monn,
1289 824 1368 908 [nm.
1384 841 1436 888 vr.

379 1016 498 1081 ductus
520 1017 644 1095 fuisset,
668 1020 703 1083 in
726 1022 818 1085 aliud
840 1023 1071 1108 voraginosum
1095 1023 1294 1108 profundum
1317 1011 1434 1110 raptus

381 1117 506 1195 fuisset,
530 1127 564 1184 ot
596 1122 625 1184 ci
650 1122 818 1187 subveniri
849 1144 915 1187 non
946 1129 1057 1209 posset
1086 1131 1219 1210 propter
1246 1126 1435 1210 suppositos

382 1227 510 1285 veteres
541 1223 639 1306 palos.
687 1224 915 1289 Clamantibus
948 1230 1059 1290 autem
1095 1226 1348 1304 molendinariis,
1383 1247 1434 1290 re·

382 1323 522 1408 spicicns
544 1332 638 1410 peter
667 1326 761 1410 pueri
795 1327 882 1391 vidit
904 1349 1049 1412 cappam,
1073 1349 1172 1412 quam
1196 1350 1278 1413 puer
1300 1336 1437 1414 propter

381 1425 623 1512 longitudinem
647 1428 848 1512 duplicatam
872 1429 1033 1505 induerat,
1057 1431 1184 1514 impetu
1208 1430 1354 1493 fluminis
1377 1430 1433 1495 de-

381 1534 573 1606 currentem,
604 1551 835 1614 recurrensque
858 1532 989 1595 audivit
1020 1554 1158 1616 puerum
1181 1532 1217 1595 in
1240 1554 1294 1596 ore
1325 1531 1437 1597 adhuc

381 1631 536 1713 martyris
557 1652 676 1695 nomen
707 1630 891 1696 habentem.
939 1632 1043 1712 Quem
1075 1640 1301 1698 transsumens
1332 1634 1375 1699 ad
1398 1654 1435 1697 se

375 1731 476 1815 jussit
492 1731 527 1794 in
550 1731 649 1816 pedes
672 1732 855 1810 consistere,
871 1754 989 1798 manus
1013 1740 1047 1798 et
1068 1734 1202 1799 brachia
1224 1756 1376 1811 movere3
1399 1740 1435 1798 et

381 1855 455 1897 curn
478 1832 617 1898 illaesurn
641 1856 700 1919 per
722 1835 834 1899 omnia
855 1836 1002 1900 membra
1032 1837 1196 1922 reperiret,
1221 1835 1434 1899 manifestum

381 1936 538 2020 martyris
561 1936 724 2001 auxilium
748 1936 965 2022 deprehendit
977 1961 984 2015 ;
1007 1937 1072 2021 qui,
1096 1937 1165 2002 sive
1181 1937 1334 2001 traduxit
1356 1958 1432 2000 eum

382 2038 417 2100 in
440 2036 547 2102 canali
578 2038 695 2102 subtus
726 2042 841 2115 rotam,
872 2038 927 2102 vel
957 2039 1044 2102 inter
1076 2038 1222 2103 canalem
1252 2045 1287 2102 ct
1316 2043 1433 2113 rotam,

383 2143 560 2223 utrumque
592 2139 766 2204 miratione
806 2139 943 2226 dignum
982 2139 1057 2203 fuit.
1104 2139 1176 2205 Nec
1212 2140 1308 2216 enim,
1346 2139 1434 2203 sicut

383 2240 476 2307 miles
499 2241 666 2306 asserebat
688 2245 723 2305 et
741 2242 968 2326 juramentum
992 2242 1179 2326 praestabat,
1202 2247 1339 2327 poterat
1347 2240 1437 2304 inter

382 2341 529 2406 canalem
553 2348 587 2406 et
609 2348 716 2406 rotam
738 2342 856 2406 subtus
887 2342 941 2406 vel
963 2363 984 2405 a
1006 2342 1109 2406 latere
1133 2344 1309 2427 quicquam
1332 2342 1436 2407 inter·

381 2444 471 2509 mitti
494 2444 582 2529 quod
605 2445 744 2509 duorum
768 2445 947 2531 digitorum
977 2445 1230 2530 grossitudinem
1253 2446 1433 2511 excederet.

426 2712 528 2821 (107.)
552 2718 600 2785 De
621 2740 724 2785 acore
746 2718 879 2797 milit-is,
902 2741 977 2806 quoe
994 2727 1133 2806 propte-r
1148 2719 1390 2806 blasphemium

682 2820 866 2889 morbum
888 2844 989 2888 mrum
1010 2821 1135 2888 coemit.
1475 2820 1483 2827 ’

425 3006 536 3093 Hujus
570 3007 687 3071 militis
718 3027 820 3071 uxore
866 3007 1061 3091 quandoque
1099 3028 1158 3090 pro
1196 3006 1434 3071 consuetudine

381 3109 529 3175 saeculari
552 3110 711 3174 cervisam
742 3108 889 3185 faciente,
920 3108 1040 3173 accidit
1070 3108 1257 3194 peregrinos
1287 3109 1435 3194 quinque

383 3213 539 3297 martyris
562 3210 696 3276 Thomae
718 3232 777 3295 per
798 3209 912 3275 villam
943 3209 1134 3294 praedictam
1165 3211 1344 3274 transitum
1374 3209 1434 3272 ha·

381 3314 465 3391 bere,
490 3319 524 3378 et
547 3313 589 3377 ad
606 3312 739 3376 domum
755 3311 826 3396 ejus
841 3311 1012 3388 divertere,
1028 3316 1181 3395 rogantes
1197 3311 1261 3374 sibi
1276 3310 1436 3394 martyris

383 3415 508 3478 intuitu
532 3419 648 3498 potum
672 3412 751 3477 dari.
799 3412 889 3491 Quos
911 3410 970 3477 illa
992 3412 1168 3477 crudeliter
1190 3412 1321 3475 intuens
1343 3408 1432 3495 ringi

328 3592 333 3604 .
381 3516 489 3601 erupit,
513 3520 547 3580 et
570 3515 626 3590 ait,
651 3513 784 3578 “Nemo
815 3518 955 3590 sanctus,
978 3535 1046 3579 non
1069 3513 1216 3579 Th0mas.
1263 3512 1340 3577 Non
1363 3512 1432 3575 Do-

385 3627 400 3651 “
423 3616 514 3694 mini,
545 3638 613 3681 non
643 3616 750 3680 beatae
781 3614 896 3679 Mariae
923 3615 1063 3702 virginis
1099 3617 1226 3680 intuitu
1257 3615 1433 3700 quicquam

384 3730 400 3754 “
423 3719 609 3805 postulatur
631 3717 736 3781 hodie.
783 3717 884 3781 Abite
907 3717 1085 3782 trutanni.”
1132 3718 1187 3781 llli
1214 3739 1280 3782 non
1311 3715 1433 3780 sustin-

382 3830 474 3889 entes
505 3820 743 3906 blasphemiam
775 3818 1000 3896 disoesscrunt,
1033 3819 1250 3904 imprecantes
1282 3820 1320 3883 ei.
1367 3817 1434 3897 Qui

383 3948 457 3991 cum
480 3925 687 4010 aliquantum
711 3921 949 4007 processissent,
974 3942 1081 4006 cuppa
1107 3942 1181 4005 quae
1204 3922 1320 3986 melior
1342 3920 1434 3984 vide-

384 4030 491 4104 batur,
526 4030 560 4090 ct
583 4023 709 4088 meliori
741 4023 867 4088 cervisa
896 4022 1090 4108 replebatur,
1125 4028 1283 4108 tanquam
1327 4022 1435 4107 ruptis

384 4128 513 4194 circulis
536 4126 604 4191 suis
628 4124 756 4190 effluere
779 4123 888 4210 erepit,
905 4130 939 4187 ct
961 4124 1094 4189 cervisae
1117 4124 1259 4188 multum
1283 4123 1434 4189 offundit

388 4231 484 4313 Quod
508 4230 658 4294 videntes
688 4226 833 4292 ministri
860 4226 975 4291 domus
999 4227 1104 4312 raptis
1127 4227 1230 4292 alveis
1257 4231 1291 4290 et
1320 4226 1435 4290 vacuis

387 4334 474 4397 rasis
491 4335 691 4418 exceperunt
706 4329 792 4414 qnod
808 4334 996 4414 potuerunt.
1043 4328 1291 4393 Materiamilias
1314 4334 1434 4403 autom,

392 4437 513 4499 timens
535 4456 577 4498 ne
601 4439 635 4498 et
660 4433 731 4518 ipsa
764 4436 898 4516 propter
931 4430 1168 4516 blasphemiam
1204 4436 1437 4516 percuteretur,

745 4676 753 4708 ¹
766 4677 802 4729 So
813 4676 968 4744 throughout
978 4676 1005 4726 in
1017 4676 1076 4729 MS.
