3316 6240
369 780 435 841 280
701 790 881 840 aristeum
903 792 928 839 s.
952 791 1089 850 rnoun,
1271 778 1348 861 [nni.
1366 796 1416 843 111.

582 978 661 1064 (21.)
686 977 734 1043 Dc
755 977 864 1043 utilite
886 976 1021 1043 leubaste
1035 976 1201 1062 fistulo-m.

203 1098 271 1151 crue
282 1098 313 1147 of
418 1088 581 1153 Gerardus
596 1089 730 1173 quidam
746 1090 886 1164 nomine,
900 1088 1109 1153 Flandrensis
1121 1090 1262 1165 natione,
1273 1096 1307 1155 et
1324 1090 1420 1157 miles

202 1166 338 1283 {223⁸
373 1191 578 1276 professione,
595 1192 629 1254 in
654 1192 800 1256 inferiori
816 1192 957 1277 corporis
979 1192 1110 1277 regione
1134 1193 1228 1277 gravi
1245 1194 1421 1258 tenebatur

204 1296 305 1361 knight.
373 1294 535 1380 angustia,
558 1294 639 1358 adeo
663 1299 701 1358 ut
733 1316 801 1379 line
831 1294 981 1358 molestia
1012 1294 1131 1358 doloris
1162 1294 1297 1359 moleste
1319 1295 1421 1361 ferret

205 1364 273 1479 ξὲθζ
281 1361 356 1489 ξζῗ
374 1395 512 1459 exuvias
534 1395 649 1461 carnis
697 1396 784 1459 Nam
815 1416 881 1458 non
908 1394 1074 1469 lateribus
1098 1395 1155 1459 sed
1184 1397 1322 1480 genibus
1353 1397 1420 1461 sin·

374 1495 532 1580 cipitique
566 1495 673 1559 defixo
711 1517 834 1579 pronus
871 1495 1089 1560 incumbebat.
1135 1496 1271 1561 Medicis
1308 1502 1421 1561 autem

376 1602 485 1661 tentas
500 1596 765 1671 immittentibus,
782 1595 838 1660 sed
854 1596 979 1662 occulte
1001 1602 1141 1661 mortem
1157 1597 1420 1683 praedicentibus,

375 1703 518 1784 aegrotus
540 1698 680 1781 martyri
703 1720 736 1761 se
771 1698 979 1783 peregrinum
1011 1699 1154 1763 devovit.
1202 1699 1302 1764 Facto
1333 1704 1420 1777 voto,

332 1812 336 1821 ’
375 1800 463 1863 facta
499 1803 550 1861 est
579 1802 614 1861 ct
647 1798 754 1863 sanies
791 1798 873 1873 alba,
909 1820 983 1883 quae
1016 1799 1107 1883 prius
1139 1804 1211 1863 erat
1248 1800 1356 1873 rubea,
1387 1805 1423 1864 et

375 1900 484 1965 minus
499 1898 636 1964 effluxit.
683 1897 899 1963 Elabentibus
914 1906 986 1963 octo
1008 1900 1137 1964 circiter
1152 1900 1275 1973 diebus,
1291 1900 1423 1964 validus

375 2008 410 2067 et
431 2024 528 2087 poene
551 2001 732 2075 restitutus,
749 2022 822 2065 cum
841 2000 912 2085 jam
935 2006 1020 2064 esset
1042 2002 1078 2064 in
1101 2001 1229 2066 itineris
1245 2003 1422 2087 procinctu,

375 2104 552 2169 haesitabat
574 2108 686 2167 utrum
710 2107 836 2166 tentam
860 2103 1062 2178 immitteret,
1085 2125 1242 2188 suamquc
1265 2104 1424 2169 sollicitus

376 2205 484 2270 adhuc
505 2204 677 2269 adhiberet
700 2205 904 2281 industriam,
929 2227 972 2268 an
987 2210 1095 2270 totum
1111 2205 1254 2271 Domino
1269 2207 1423 2291 martyri-

377 2330 440 2393 quc
477 2305 705 2371 committeret.
768 2305 833 2370 Scd
877 2307 962 2370 hanc
1003 2306 1096 2370 litem
1138 2308 1259 2371 mentis
1297 2313 1425 2392 martyr

377 2408 527 2487 diremit;
559 2428 637 2471 nam
660 2406 758 2470 simul
792 2428 831 2472 ac
864 2407 928 2471 iter
960 2408 1109 2492 arripuit,
1133 2408 1226 2472 ulcus
1258 2430 1293 2473 os
1327 2430 1423 2472 snum

376 2511 563 2577 coarctavit.
610 2508 673 2574 Ter
695 2514 822 2575 tentam
845 2510 965 2574 timens
993 2531 1079 2595 roger
1101 2510 1256 2589 irnmisit;
1279 2516 1425 2575 teroem

376 2612 538 2679 foramina
560 2617 731 2687 coarctata,
756 2612 855 2676 immo
878 2612 930 2675 vis
961 2612 1095 2685 occulta,
1119 2612 1253 2677 remisit.
1301 2612 1427 2691 Quinta

376 2714 480 2799 igitur
501 2711 582 2777 foria
605 2712 763 2797 proficisci
787 2713 895 2799 coepit,
919 2719 954 2778 ct
984 2712 1092 2798 prima
1121 2714 1248 2778 sabbati
1282 2736 1315 2778 so
1339 2714 1425 2779 Can-

377 2815 494 2880 tuarire
517 2835 632 2879 sanum
656 2816 788 2899 penitus
811 2814 970 2879 exhibuit.

560 2994 639 3080 (22.)
666 2994 714 3059 Dc
735 2992 845 3059 nuilite
867 2994 1042 3059 craterem-to
1065 2992 1107 3059 iu
1129 3013 1247 3059 citerius.

211 3153 337 3203 Moches
424 3134 464 3197 In
500 3134 649 3219 partibus
684 3132 750 3196 illis
781 3132 875 3197 miles
905 3132 1052 3197 saeculari
1086 3131 1190 3219 gloria
1212 3133 1371 3217 pnoditus
1393 3140 1428 3199 et

209 3218 535 3335 guffiredpotentia,
552 3235 731 3300 Matthaeus
754 3234 932 3310 nominee
955 3241 1061 3299 castro
1084 3233 1277 3311 Walincurt,
1294 3236 1330 3298 in
1352 3257 1427 3300 con-

212 3351 265 3401 ota
273 3350 367 3400 round
378 3362 490 3425 gressu
514 3338 651 3402 militari
674 3337 796 3401 vulnus
818 3337 1000 3423 pertulerat
1023 3337 1059 3401 in
1081 3337 1222 3403 confinio
1245 3338 1371 3422 pollicis
1392 3342 1428 3402 et

212 3416 295 3531 ἱᾞὲθ
379 3440 504 3504 indicis.
537 3440 674 3505 Exierat
688 3439 933 3504 autemferrum
947 3439 1077 3505 hastilis
1092 3440 1281 3505 inradicem
1293 3440 1427 3525 pollicis,

378 3545 414 3606 et
436 3545 507 3604 erat
529 3540 621 3605 dolor
638 3540 769 3615 nimius,
785 3545 896 3605 tumor
918 3542 1114 3626 prominens,
1129 3546 1165 3605 et
1188 3542 1287 3628 plaga
1302 3542 1427 3626 pericu-

379 3643 456 3715 losa,
472 3663 602 3707 carnem
615 3642 785 3727 putridam
809 3650 843 3706 ct
866 3643 991 3706 saniem
1014 3642 1177 3717 emitterre,
1194 3650 1234 3707 ut
1256 3647 1429 3728 putaretur

381 3743 499 3808 fistula.
548 3744 789 3809 Scrutabantur
803 3750 915 3809 autem
939 3743 1115 3829 chirurgici
1131 3743 1278 3808 vulneris
1301 3744 1426 3819 intima,

381 3852 539 3911 venantes
561 3867 692 3911 causam
717 3845 843 3909 doloris.
891 3845 1007 3910 Fomes
1023 3845 1112 3909 eninr
1135 3846 1265 3909 subesse
1289 3846 1428 3930 putaba-

380 3955 442 4025 tur,
467 3949 552 4014 sicut
584 3954 618 4013 et
651 3948 791 4023 suberat,
815 3948 871 4033 qui
897 3948 1041 4012 dolorem
1067 3952 1204 4031 pareret,
1239 3953 1273 4011 et
1306 3947 1428 4010 vulnus

379 4050 486 4116 curari
518 4071 585 4113 non
623 4051 834 4134 permitteret.
882 4048 959 4114 Non
997 4049 1134 4113 invento
1166 4054 1277 4113 autem
1309 4048 1428 4112 doloris

379 4152 562 4227 seminario,
586 4152 779 4216 vulneratus
809 4151 956 4217 animum
987 4150 1133 4214 intendit
1167 4150 1208 4214 ad
1243 4150 1428 4236 peregrina·

379 4256 480 4321 tionis
518 4254 705 4318 remedium.
762 4252 915 4339 Concipit
958 4252 1175 4327 devotionem,
1214 4253 1355 4317 devovet
1386 4252 1429 4315 ad

381 4355 531 4421 tumbam
573 4355 729 4439 martyris
762 4354 962 4419 oblationem
994 4353 1146 4427 muneris,
1171 4358 1205 4417 et
1237 4352 1288 4416 sui
1324 4352 1428 4438 ipsius

380 4458 596 4543 presentiam.
646 4456 718 4535 Quo
741 4453 835 4529 facto,
852 4454 964 4519 ablata
978 4453 1079 4518 fascia
1101 4454 1224 4517 vulnus
1246 4453 1428 4539 inspicitur.

380 4558 482 4621 Aliud
506 4564 541 4622 et
562 4557 652 4621 aliud
676 4555 851 4642 agentibus
876 4560 910 4619 ot
933 4554 1118 4618 dicentibus
1141 4556 1198 4638 qui
1221 4555 1427 4627 assistebant,

382 4659 475 4723 miles
506 4682 591 4723 unus
620 4680 755 4723 manum
789 4656 970 4722 morbidam
1003 4661 1192 4731 contrectet,
1223 4654 1426 4742 superficiem
