3316 6240
376 728 440 792 154
707 738 888 791 araneosa
910 740 936 789 s.
958 739 1096 801 monn,
1308 725 1423 810 [nme

375 1005 454 1102 (14.)
486 1004 535 1071 De
568 1004 725 1090 barpeooe
758 1024 856 1089 qoam
887 1009 1021 1089 amaya
1064 1001 1172 1070 sabito
1208 1003 1348 1070 abatsdit
1384 1003 1424 1072 de

426 1105 544 1202 nadis,
568 1105 652 1194 qwio
674 1103 883 1172 malarouta
906 1104 1054 1171 oratorias
1075 1127 1155 1172 eoos
1177 1104 1366 1172 obatederot.

246 1286 316 1335 nis·
418 1275 578 1342 Paneulas
601 1296 678 1340 oves
705 1273 914 1360 pauperculae
936 1273 1084 1338 mulieris
1106 1274 1159 1338 vir
1181 1275 1275 1340 dives
1297 1275 1422 1341 Radul·

373 1378 458 1465 phus
479 1377 612 1442 nomine
628 1378 668 1442 de
683 1377 757 1443 vieo
773 1375 1022 1462 Notingueham
1046 1375 1224 1443 detinebat
1271 1377 1423 1463 Rogabat

372 1485 484 1544 autem
507 1477 625 1543 mulier
640 1477 788 1563 permitti
811 1476 875 1540 sibi
890 1498 944 1541 eas
964 1476 1104 1563 pecunia
1118 1477 1286 1554 redimere,
1302 1478 1421 1554 dicens,

374 1589 391 1616 “
413 1581 510 1645 Hane
532 1579 660 1645 ancillae
683 1585 759 1655 tuae,
784 1578 916 1643 domine
946 1579 1000 1655 mi,
1024 1599 1139 1663 precor
1165 1578 1421 1645 misericordiam

374 1691 391 1717 ‘¹
413 1682 540 1758 exhibe,
557 1687 596 1746 ut
610 1687 645 1746 et
667 1702 726 1768 ego
749 1681 836 1745 sieut
851 1680 961 1746 eaeteri
983 1702 1073 1745 meas
1088 1680 1235 1746 oviculas
1257 1682 1420 1767 recipiam,

373 1792 389 1819 “
413 1783 589 1847 dummodo
612 1788 684 1848 ooto
706 1782 870 1868 argenteis
893 1781 1025 1867 singula
1058 1782 1174 1847 luam.'’
1235 1782 1422 1848 Reeusabat

372 1886 436 1963 ille,
459 1885 573 1950 volens
596 1906 678 1970 quas
699 1884 888 1970 possidebat
915 1885 1015 1949 etiam
1050 1886 1086 1949 in
1118 1907 1214 1949 suum
1246 1885 1421 1952 transferre

372 1987 561 2051 dominium.
608 1985 698 2050 Audi
722 1984 801 2070 quid
824 1985 988 2063 acciderit,
1013 2008 1054 2049 ne
1077 1992 1111 2050 te
1134 2007 1176 2050 ex
1197 1985 1306 2052 alieno
1330 1986 1421 2051 dam-

370 2110 413 2152 no
456 2087 648 2173 locupletari
685 2087 864 2171 surripiat*
910 2086 1114 2153 Veetabatur
1152 2087 1301 2152 sublimis
1341 2089 1420 2152 insi·

369 2190 449 2253 dens
484 2188 642 2275 gradario,
674 2209 782 2253 aerem
816 2186 911 2274 virga
942 2188 1152 2254 diverberans
1188 2212 1287 2275 quam
1319 2212 1419 2266 manu

368 2290 509 2377 gerebat.
571 2290 725 2354 Instabat
758 2288 877 2353 mulier
908 2295 948 2353 ut
979 2289 1145 2375 peculium
1184 2312 1280 2355 suum
1312 2293 1419 2377 pretio

368 2393 574 2479 redemptum
597 2391 762 2477 reciperet.
810 2390 942 2468 “Noli''
970 2392 1088 2477 inquit,
1121 2401 1138 2427 “
1149 2393 1287 2471 domine,
1316 2395 1418 2479 impe-

368 2503 385 2529 “
408 2494 477 2559 dire
498 2495 563 2559 iter
577 2514 696 2558 meum.
742 2493 812 2558 Iter
826 2493 869 2557 ad
891 2500 1042 2559 sanetum
1062 2500 1241 2580 martyrem
1258 2495 1417 2562 Thomam

368 2596 539 2682 “arripui
595 2595 719 2660 Lanam
752 2594 955 2661 ovicularum
982 2597 1018 2660 in
1041 2596 1200 2662 viaticum
1235 2598 1420 2680 destinavi3

368 2706 385 2731 “
407 2697 588 2783 propitiare
610 2695 700 2772 mihi,
724 2702 764 2760 ut
786 2702 821 2760 et
843 2701 971 2782 martyr
991 2697 1192 2783 propitietur
1213 2698 1304 2762 tibi.''
1349 2702 1418 2764 Au-

368 2798 460 2863 diens
495 2797 550 2863 ille
584 2798 735 2883 despexit
767 2819 848 2875 eam,
883 2798 1039 2863 intonans
1073 2798 1280 2877 horrendum,
1315 2799 1418 2865 “Dis-

368 2908 384 2934 “
407 2900 491 2975 esde,
523 2898 717 2985 pedissequa
739 2898 817 2962 vilis
851 2904 886 2962 et
917 2899 1065 2984 abjecta3
1096 2899 1145 2963 nil
1177 2900 1240 2964 tibi
1271 2900 1418 2968 factumn

367 3009 383 3034 “
405 2999 505 3065 sum.''
565 2999 716 3085 Urgebat
739 2999 804 3076 illa,
829 2999 936 3085 pretio
968 3022 1080 3086 preces
1114 3001 1323 3087 adjungens;
1360 3003 1417 3067 sed

365 3104 481 3169 videns
504 3103 583 3188 quia
604 3124 665 3168 neo
678 3124 773 3188 prece
796 3124 856 3168 neo
879 3103 986 3188 pretio
1009 3103 1188 3189 proficeret,
1204 3103 1416 3169 maledictum

365 3205 576 3282 interminat3
608 3202 725 3281 “Dei''
749 3204 867 3289 inquit,
892 3209 959 3269 “et
981 3204 1137 3290 martyris
1160 3204 1293 3270 Thomas
1316 3205 1415 3270 male-

366 3314 382 3340 “
405 3306 530 3370 dietum
560 3305 707 3370 incurrat
737 3305 795 3390 qui
825 3327 924 3391 super
946 3329 981 3371 re
1012 3327 1085 3372 mea
1115 3307 1198 3370 mihi
1222 3306 1415 3372 violentiam

366 3414 382 3441 “
405 3404 581 3471 intulerit.''
626 3406 680 3470 Ad
710 3405 796 3473 hano
818 3429 932 3473 vocem
962 3408 1079 3474 divina
1101 3430 1202 3474 manu
1226 3409 1320 3474 dives
1342 3432 1415 3496 per-

365 3531 476 3575 cussus
499 3510 536 3572 in
558 3509 646 3574 sollae
677 3515 805 3595 partem
827 3511 1025 3576 anteriorem
1056 3533 1173 3598 eorpus
1196 3534 1336 3597 pronum
1359 3513 1415 3578 de·

365 3611 462 3689 misit,
487 3618 521 3676 et
543 3611 792 3698 congemiseens,
818 3613 898 3677 “En
921 3612 1086 3679 morior!”
1110 3613 1183 3693 ait;
1217 3619 1252 3677 et
1274 3613 1414 3679 ulterius

364 3713 448 3777 nihil
471 3715 524 3780 vel
558 3737 674 3801 parum
708 3715 845 3793 addidit,
869 3716 948 3802 quia
982 3715 1079 3802 plaga
1111 3715 1277 3801 spiramen
1311 3717 1412 3782 inter-

363 3815 467 3881 elusit.
