3316 6240
320 792 386 855 244
655 802 833 853 urnsouns
856 804 882 854 s.
903 803 1040 863 ruoun,
1236 787 1312 870 [nra.
1338 800 1372 847 11.

323 1000 340 1025 “
362 990 482 1058 ancilla
496 988 666 1056 confestim
690 991 852 1054 noctruna
874 985 1006 1049 silentia
1029 984 1128 1069 rupit,
1144 982 1290 1050 olamans
1313 1005 1370 1067 per

310 1102 340 1126 ·“
363 1093 497 1157 beatum
531 1089 691 1154 Th0mam
724 1110 758 1153 se
792 1088 926 1154 sanitati
963 1086 1177 1165 restitutam
1211 1089 1245 1149 et
1277 1106 1371 1151 mane

326 1202 341 1229 ¹‘
363 1194 450 1260 laeto
471 1214 506 1258 se
528 1212 642 1257 sanam
664 1189 759 1257 nobis
781 1188 960 1253 exhibuit.''
1011 1199 1014 1203 ’

348 1378 429 1463 (82.)
452 1378 500 1445 De
521 1375 663 1444 arrad-iero
690 1373 836 1442 Woleaai
861 1372 908 1439 ad
931 1362 1059 1441 Allata
1083 1372 1332 1439 Mon-asteriam-

805 1484 937 1541 scaradio.

157 1646 225 1699 cam
235 1648 267 1699 of
370 1619 558 1705 AEgrotavit
572 1616 691 1682 nobilis
706 1616 825 1681 mulier
840 1616 875 1680 in
890 1614 1015 1693 Waliis,
1031 1614 1216 1701 Tangereta
1233 1618 1373 1691 nomine,

157 1716 274 1829 ⁸JV2¹⁸¹¹
326 1728 451 1807 septem
474 1719 742 1795 hebdomadibus,
766 1722 805 1782 ut
835 1718 945 1784 cibum
968 1723 1064 1783 tanto
1088 1723 1232 1803 tompore
1257 1726 1374 1803 praua·

157 1782 181 1831 ω
200 1796 225 1847 y.
326 1828 440 1910 potum
464 1842 531 1886 non
564 1826 702 1905 caperet,
736 1840 803 1884 non
835 1819 963 1883 alterna
996 1818 1224 1883 vicissitudine
1263 1820 1373 1883 latoris

325 1926 446 1991 fessum
469 1922 557 1989 latus
591 1920 769 1997 alleviaret,
793 1941 860 1984 non
891 1941 925 1984 se
953 1919 993 1983 de
1018 1918 1088 1985 loco
1110 1920 1152 1983 ad
1179 1920 1284 1985 locum
1310 1922 1372 1985 nisi

325 2048 435 2115 panno
451 2026 647 2111 subportata
662 2022 861 2089 transferret.
905 2021 999 2086 hlisit
1014 2028 1126 2088 autem
1142 2029 1271 2100 sortem,
1288 2025 1374 2090 sicut

325 2125 572 2194 consuetudinis
596 2130 647 2191 cst
672 2124 718 2187 ibi
741 2123 894 2199 locorum,
917 2140 1016 2206 quam
1048 2123 1256 2187 ecclesiarum
1287 2145 1373 2189 com-

323 2226 575 2315 provincialium
586 2224 692 2291 adiret
704 2224 746 2289 ob
760 2225 937 2291 sanitatem
952 2223 1183 2308 postulandam
1195 2250 1204 2303 ;
1225 2226 1371 2310 duasque

325 2329 386 2393 sihi
426 2328 608 2405 constituit,
643 2346 783 2412 quarum
825 2348 893 2391 una
925 2326 1056 2391 beatam
1099 2326 1237 2391 Mariam
1271 2328 1371 2413 virgi-

323 2450 408 2505 nem,
440 2428 544 2494 altera
580 2426 800 2493 venerabatur
833 2425 1066 2512 archangelum
1098 2426 1310 2505 Michaelem;
1340 2435 1374 2493 et

323 2530 442 2596 cecidit
464 2552 533 2595 sors
563 2551 661 2615 super
691 2528 932 2612 archangelum,
962 2528 1119 2591 nimirum
1143 2530 1221 2612 quia
1250 2530 1375 2616 angelis

323 2631 459 2697 humani
499 2631 627 2717 generis
665 2630 815 2717 delegata
849 2630 1000 2696 custodia
1032 2634 1091 2694 est.
1153 2630 1236 2695 Cum
1273 2633 1376 2717 igitur

324 2733 540 2798 transvectari
563 2732 750 2817 disponeret
782 2732 817 2794 in
852 2730 1087 2815 possessionem
1120 2752 1221 2807 snam,
1254 2735 1371 2817 quinto

324 2834 433 2919 lapide
467 2840 633 2911 remotam,
667 2834 755 2897 vidit
788 2832 906 2897 mulier
938 2833 1094 2918 indigena
1128 2856 1186 2917 por
1224 2858 1375 2900 somnum

323 2936 434 3001 virum
454 2941 604 3001 venusto
626 2936 739 3001 formas
754 2941 789 3000 et
810 2956 957 3021 parsonre
980 2936 1143 3001 dicentem
1166 2938 1238 3014 sibi,
1263 2940 1372 3005 “Dor-

326 3046 343 3072 “
365 3040 496 3104 misna?
540 3039 684 3104 Domina
715 3044 775 3103 tua
796 3038 896 3101 nimis
926 3038 1065 3104 adversa
1094 3047 1254 3124 gravatur
1283 3042 1371 3105 infir-

160 3148 259 3213 (whie
326 3150 343 3175 “
365 3143 489 3206 mitato.
537 3142 645 3205 Arleat
667 3138 821 3225 reliquias
844 3126 952 3206 sancti
973 3138 1107 3205 Tuane
1129 3163 1204 3225 qum
1229 3144 1262 3205 in
1287 3144 1373 3208 Allo

157 3216 262 3347 ἔξω
328 3250 344 3273 “
367 3240 566 3307 Monastorio
600 3237 843 3316 conservantur,
884 3242 1022 3305 offerens
1055 3241 1168 3305 alhum
1202 3264 1373 3307 nummum

327 3348 344 3373 “
362 3340 518 3425 justoque
542 3342 651 3406 lairere
685 3342 870 3427 quaesitum,
897 3349 932 3407 et
958 3342 1096 3407 salutern
1132 3346 1374 3428 consequetur.''

327 3440 513 3506 Nuntiatur
528 3442 612 3506 visio
635 3444 733 3510 matri
756 3444 916 3523 familias;
939 3464 1126 3529 persuasum
1144 3451 1194 3508 est
1209 3446 1237 3507 ei
1263 3466 1374 3531 parere

325 3542 444 3607 visioni
456 3568 464 3621 ;
498 3566 572 3628 quae
603 3545 659 3621 ait,
695 3544 836 3610 “Sortes
873 3545 958 3609 nihil
998 3547 1222 3631 promittunt3
1259 3548 1374 3613 heatus

326 3654 343 3679 “
366 3644 508 3711 Thomas
526 3647 665 3713 salutem
681 3634 859 3733 pollicetur.
908 3649 988 3733 Ejus
1003 3650 1170 3734 promissis
1186 3652 1288 3725 stabo,
1309 3675 1374 3717 uon

328 3758 345 3781 “
366 3748 500 3813 aliunde
521 3772 669 3834 ‹purrons
700 3749 865 3829 saluten13
887 3751 977 3834 quia
1000 3752 1086 3816 sicut
1109 3751 1144 3815 in
1165 3754 1375 3820 secularibus

327 3859 343 3885 “
366 3850 463 3915 rebus
478 3851 581 3936 siquis
604 3848 685 3935 quid
700 3851 799 3915 alicui
818 3851 977 3935 indigenti
995 3851 1210 3935 promitteret,
1228 3856 1283 3938 qui
1303 3877 1374 3939 pro·

327 3962 343 3985 “
366 3952 554 4016 mittentem
570 3953 720 4016 deserens
736 3953 778 4017 ad
794 3953 895 4016 aliurn
912 3976 945 4016 se
961 3952 1128 4029 consonet,
1146 3955 1255 4016 minus
1282 3956 1311 4017 ei
1335 3957 1374 4018 de

327 4062 343 4085 ‘¹
362 4054 446 4137 juro,
469 4074 581 4116 rursus
606 4054 774 4139 indigenti,
792 4055 847 4139 qui
874 4054 963 4139 prius
986 4054 1180 4138 promiserat
1203 4055 1372 4138 propitiari

327 4164 343 4187 “
366 4154 523 4231 deberot;
553 4154 600 4218 sic
621 4155 684 4218 nisi
710 4156 846 4219 lirmiter
870 4155 1052 4220 adlnrrearu
1085 4156 1112 4217 ei
1140 4156 1195 4239 qui
1235 4156 1372 4221 salutem

324 4268 341 4291 ‘¹
364 4256 511 4343 spondet,
528 4277 595 4320 non
617 4257 885 4321 irrationabiliter
900 4258 993 4341 argui
1013 4278 1137 4339 queam.
1189 4258 1283 4321 Unde
1308 4282 1374 4324 non

325 4368 341 4391 ‘¹
364 4358 455 4423 aliud
478 4378 576 4441 quam
593 4357 713 4421 Altum
743 4358 975 4423 lllonastorium
991 4358 1070 4421 mihi
1096 4359 1273 4443 petendum
1298 4362 1374 4425 est.''

326 4458 382 4523 Sic
412 4464 524 4521 seeuta
554 4459 699 4521 monitus
732 4460 844 4531 sancti,
877 4480 944 4523 non
976 4480 1069 4523 casus
1102 4460 1268 4545 antilogii,
1304 4484 1372 4546 per

325 4560 473 4625 venitin
496 4559 610 4623 villam
634 4581 731 4644 quam
756 4559 909 4635 diximus,
934 4562 1051 4645 quinto
1075 4562 1181 4647 lapide
1207 4570 1372 4627 remotam.

326 4662 408 4727 lnde
430 4662 528 4737 misit,
553 4667 587 4726 et
608 4663 710 4729 allata
733 4667 783 4727 est
804 4683 891 4746 orlaa
914 4664 1068 4747 martyris
1092 4663 1231 4731 Thema».
1289 4666 1372 4731 Fue-
