3316 6240
402 752 444 816 92
780 768 862 816 vrrs
884 769 909 817 s.
932 767 1070 828 raons,

403 954 422 979 ‘⁶
442 954 494 1025 qui
511 956 752 1011 excommunicati
771 975 788 1011 a
805 957 945 1028 praedicto
963 958 1178 1029 archiepiscopo
1196 957 1296 1013 divina
1319 956 1448 1013 scienter

403 1038 421 1063 “
441 1038 588 1092 celebrare
606 1046 862 1111 presumpserunt,
883 1041 909 1095 si
926 1041 969 1096 ita
986 1048 1039 1105 est,
1059 1042 1251 1096 anathematis
1268 1041 1386 1095 vinculo
1404 1040 1448 1095 in·

401 1121 419 1146 ‘·
439 1120 548 1185 nodari,
569 1139 727 1192 eorumque
752 1125 993 1189 communionem,
1018 1124 1095 1180 sicut
1121 1125 1446 1189 excommunicatorum,

402 1205 420 1229 “
439 1204 623 1277 praecipimus
634 1206 748 1260 evitari.
787 1208 894 1263 Datum
907 1208 1067 1273 Ferentini,
1081 1208 1194 1263 decimo
1214 1213 1296 1263 sexto
1309 1208 1447 1263 kalendas

402 1288 421 1314 “
440 1285 600 1341 Octobria.”

446 1528 502 1611 (5.)
528 1527 661 1593 [litteren
683 1527 875 1594 Alexandri
902 1550 1004 1613 pepon
1026 1528 1072 1592 <ul
1095 1528 1333 1593 Eborucerwcm
1355 1536 1384 1593 ct

666 1629 944 1695 Dunelntenseenl
968 1630 1139 1716 episcopos.

232 1806 364 1869 ilrepope
434 1795 599 1850 Alexander
630 1796 791 1866 episcopus,
820 1811 920 1849 servus
950 1812 1101 1850 servorum
1131 1794 1198 1858 Dei,
1226 1796 1445 1851 venerabilibus

232 1872 320 1949 wiht,
399 1878 540 1933 fratribus
559 1879 673 1948 Rogero
692 1878 867 1931 Eboracensi
886 1877 1102 1948 archiepiscopo
1131 1884 1160 1931 et
1188 1878 1309 1949 Hugoni
1338 1878 1445 1934 Duncl·

232 1938 386 2053 ἭΜΫΟΡ
399 1962 492 2016 mensi
505 1963 640 2033 episeopo
658 1962 782 2015 salutem
801 1968 831 2015 et
849 1961 1040 2032 apostolicam
1059 1962 1303 2017 benedictionem.

231 2019 337 2118 gndffie
435 2044 518 2098 Licet
536 2044 779 2099 commendabiles
798 2050 827 2097 et
845 2045 922 2113 grati
940 2044 1024 2098 nobis
1043 2044 1075 2098 in
1099 2045 1235 2114 plurimis
1255 2044 1395 2107 existatis,
1415 2049 1445 2099 et

230 2134 361 2198 bishopol
400 2128 521 2182 sincerae
551 2145 602 2182 vos
632 2127 877 2199 complectemur²
902 2128 1030 2181 brachiis
1063 2128 1202 2192 caritatis,
1234 2134 1357 2199 propter
1392 2129 1446 2183 hoo

231 2200 356 2253 Dlffham·
399 2217 498 2266 tamen
521 2230 579 2265 non
605 2212 743 2266 debemus
768 2212 903 2265 omittere
923 2212 994 2280 quin
1019 2228 1054 2265 ca
1080 2230 1145 2280 quse
1163 2218 1336 2283 perpetrata
1354 2217 1384 2266 et
1403 2213 1447 2266 in-

230 2278 369 2343 EIW¹⁶⁷2
399 2308 530 2349 correcta
547 2300 688 2364 generant
715 2300 838 2349 mortem
857 2300 886 2347 et
905 2293 1236 2362 requiraninsinvobis
1255 2294 1365 2348 etzelo
1384 2310 1445 2348 rec·

229 2361 313 2461 (ὧῇοω
326 2361 368 2461 Ῑέῗ
398 2377 533 2432 titudinis
560 2379 753 2447 corrigamus,
783 2377 899 2431 dicente
936 2376 1060 2430 Domino
1087 2394 1139 2447 per
1166 2377 1346 2448 prophetam,
1380 2376 1443 2432 “Si

230 2428 376 2538 249‚,}1p'
401 2464 419 2487 “
438 2460 574 2531 loquente
593 2480 639 2514 me
657 2461 694 2515 ad
711 2461 834 2531 impium
854 2462 942 2514 Morte
954 2460 1091 2522 morieris,
1105 2477 1163 2513 nou
1181 2460 1399 2514 annuntiaveris
1417 2459 1445 2514 ei

230 2543 309 2594 Giles.
400 2548 418 2571 ‘¹
438 2562 534 2613 neque
552 2545 667 2597 locutus
680 2544 780 2606 fueris,
795 2543 859 2612 ipse
878 2540 1016 2612 quidem³
1034 2541 1065 2594 in
1085 2547 1202 2612 peccato
1222 2559 1273 2597 suo
1292 2543 1442 2607 morietur,

229 2616 373 2668 mech-ffi-
400 2632 419 2654 ⁴‘
439 2627 615 2696 sanguinem
634 2633 733 2681 autem
753 2626 815 2696 ejus
841 2625 877 2678 de
897 2642 987 2678 manu
1005 2630 1058 2677 tua
1075 2626 1251 2696 requiram.'’
1288 2626 1443 2696 Depressio

231 2689 270 2733 ¹⁸·
398 2710 541 2780 siquidem
568 2711 697 2764 ecclcsiae
726 2708 898 2778 Anglicamn
926 2718 955 2762 ct
982 2708 1138 2763 diminutio
1156 2709 1304 2764 libertatis
1329 2709 1443 2780 ipsins‚⁴

400 2811 464 2863 qnae
484 2811 535 2864 per
554 2811 654 2863 regem
673 2798 813 2854 vestrum,
839 2791 900 2845 sive
919 2792 1037 2861 proprio
1062 2798 1144 2845 motu
1170 2792 1233 2847 sire
1258 2793 1356 2863 potius
1379 2793 1445 2847 aliis

399 2876 637 2946 suggerentibus,
670 2877 747 2930 sacta
774 2875 968 2945 dignoscit-ur,
995 2875 1155 2944 plurimum
1182 2875 1359 2947 jampridem
1383 2878 1443 2929 ani·

398 2978 479 3014 mum
498 2968 629 3014 nostrum
649 2960 759 3021 afflixit,
780 2967 810 3012 et
828 2976 886 3011 nen
904 2957 1051 3011 modicum
1070 2957 1170 3012 nebis⁵
1190 2959 1396 3015 sollicitudinis
1414 2964 1445 3014 et

398 3042 508 3097 doloris
533 3042 667 3113 ingessit,
687 3042 774 3096 cum⁶
793 3041 956 3112 oportuerit
975 3059 1041 3094 eum
1060 3041 1096 3095 de
1112 3042 1295 3111 corrigendis
1312 3044 1358 3098 his
1376 3060 1441 3113 qnae

398 3128 433 3180 ab
459 3126 689 3180 antecessoribus
714 3126 776 3179 suis
804 3125 881 3177 male
907 3124 1063 3178 commissa
1090 3125 1205 3179 lucrant
1223 3126 1360 3195 cogitare,
1381 3125 1442 3194 ipse

398 3210 494 3279 potius
512 3207 799 3279 praevaricationibus
817 3207 1069 3277 praevaricationes
1093 3207 1233 3277 adjiciens
1257 3214 1317 3261 tam
1341 3208 1443 3278 iniqua

398 3296 509 3345 statuta
527 3292 581 3344 sub
610 3292 699 3360 regite
725 3288 910 3360 dig[ni]tatis
936 3290 1058 3345 obtentu
1079 3298 1109 3345 et
1126 3291 1223 3360 posuit
1249 3296 1279 3345 ct
1303 3292 1440 3356 firmarit,

397 3375 449 3427 sub
468 3375 572 3444 quibus
591 3380 620 3427 et
637 3374 758 3427 libertas
776 3373 854 3443 perit
873 3374 1002 3428 ecclesiae
1021 3380 1052 3428 et
1069 3375 1293 3445 apostolicorum
1311 3374 1441 3429 virorum

398 3462 519 3519 statuta,
541 3464 683 3526 (pilentum
702 3456 734 3509 in
752 3474 785 3510 eo
812 3460 866 3519 est,
888 3474 940 3510 suo
956 3456 1059 3510 robore
1087 3462 1255 3511 vacuantur.
1291 3456 1354 3512 Nec
1381 3475 1443 3511 cre·

398 3539 474 3594 didit
492 3539 596 3594 dobere
616 3540 747 3594 sufficere
767 3540 792 3593 si
811 3537 882 3593 sub⁷
902 3556 936 3592 eo
949 3538 1057 3593 divinae
1069 3539 1151 3608 leges
1170 3539 1201 3593 in
1214 3557 1305 3609 regno
1323 3540 1442 3611 Angliae

397 3622 548 3677 silentium
567 3628 596 3676 et
614 3621 815 3678 vacationem⁸
834 3622 1023 3692 susciperent,
1044 3622 1100 3675 nisi
1126 3627 1276 3691 peccatum
1295 3623 1441 3678 transmit·

396 3711 472 3761 teret
490 3706 526 3760 ad
544 3706 684 3769 haeredes,
705 3712 734 3758 et
747 3705 833 3775 longo
851 3711 982 3775 tempore
1001 3705 1109 3758 laceret
1133 3720 1255 3773 regnum
1275 3723 1361 3759 suum
1379 3705 1441 3760 sinc
1511 3756 1515 3762 .

395 3790 490 3861 ephod
515 3794 545 3844 et
569 3790 631 3843 sina
657 3789 889 3860 superhumerali
914 3788 1024 3842 sedere.
1053 3786 1127 3840 Inde
1152 3787 1208 3841 suit
1231 3788 1308 3858 qnod
1327 3788 1441 3859 iniquas

395 3874 462 3928 illas
476 3874 690 3944 usurpationes,
706 3874 814 3944 absque
828 3872 890 3925 ulla
901 3872 1079 3941 exceptione,
1092 3877 1189 3925 rostro
1203 3878 1233 3926 et
1250 3872 1374 3927 aliorum
1387 3874 1444 3926 fra·

395 3964 474 4010 trum
487 3963 518 4010 et
537 3958 772 4027 coepiscoporum
791 3955 974 4010 nostrorum⁹
993 3954 1064 4009 fecit
1085 3954 1254 4025 juramento
1272 3956 1393 4020 firmari,
1413 3962 1443 4010 ot

395 4038 645 4109 'complectendum
656 4040 675 4070 ¹⁰
709 4039 855 4109 judicarit
885 4043 919 4092 ut
948 4039 1062 4092 hostem
1087 4037 1254 4108 quicunque
1287 4038 1374 4093 vellet
1404 4040 1440 4094 ab

426 4287 434 4319 ¹
452 4285 655 4344 londoniensem,
666 4284 722 4335 MS.
735 4284 848 4334 Winton.
974 4282 985 4313 ⁶
1004 4283 1067 4333 Cum
1079 4285 1153 4344 enini,
1164 4284 1194 4332 L.
1207 4283 1239 4334 G.

424 4366 436 4399 ²
452 4365 637 4430 onrplectumnr,
647 4365 676 4413 L.
690 4364 721 4414 G.
973 4361 983 4397 ⁷
1001 4361 1042 4423 ab,
1052 4363 1082 4411 L.
1095 4362 1127 4412 G.

424 4444 437 4476 ⁸
451 4444 581 4510 siqnidem,
594 4443 622 4491 L.
636 4444 668 4494 G.
973 4440 984 4469 ⁸
1002 4441 1154 4501 necmionea,
1164 4441 1193 4489 L.
1207 4441 1238 4491 G.

423 4524 434 4554 ⁴
451 4524 572 4581 Omitted,
584 4523 613 4570 1..
973 4519 983 4549 ⁰
1001 4527 1143 4579 vestrorum,
1155 4520 1185 4569 1..
1198 4520 1230 4570 G.

423 4603 433 4631 ⁸
451 4602 571 4662 Omitted,
582 4602 612 4650 L.
622 4601 654 4651 G.
974 4595 993 4628 ¹⁰
1007 4596 1215 4660 plectendum.
1228 4598 1260 4647 G.
