3316 6240
309 788 312 797 ·
362 748 427 811 112
698 757 878 808 mancum
900 758 925 806 0.
949 756 1087 817 1110100,
1284 741 1364 824 [111.
1379 756 1422 805 11.

363 953 382 980 “
405 946 655 1025 solennitatem
678 947 766 1031 quod
797 946 929 1030 quidem
961 967 998 1010 οο
1022 945 1142 1010 0011100
1168 945 1263 1010 vobis
1293 944 1424 1030 signifi·

363 1055 381 1081 “
402 1068 520 1123 camus,
544 1070 609 1131 qno
641 1048 811 1112 certiorem
834 1069 876 1110 ex
906 1046 981 1110 visu
1014 1053 1116 1131 gestae
1138 1048 1185 1111 rei
1217 1048 1315 1110 fidem
1339 1047 1421 1111 inde

364 1149 616 1233 “concepimus
663 1149 708 1212 Et
738 1170 809 1213 ecce
833 1148 940 1232 ipsum
963 1148 1175 1233 praesentium
1199 1149 1345 1225 latorem,
1368 1149 1422 1212 di·

364 1258 380 1284 “
402 1250 523 1315 lectum
561 1250 668 1313 filiurn
705 1255 857 1314 nostrum
893 1249 1080 1326 Ricardum,
1115 1250 1256 1314 ecclesiae
1295 1255 1421 1315 nostrae

366 1358 382 1384 “
404 1356 645 1436 praecentorem,
676 1351 793 1434 ipsum,
827 1351 971 1433 inquam,
1006 1351 1042 1414 in
1080 1372 1144 1435 quo
1177 1358 1305 1436 martyr
1335 1351 1420 1416 illud

365 1460 383 1487 “
404 1451 599 1515 mirabiliter
615 1455 768 1535 operatus
791 1456 848 1526 est,
865 1450 908 1514 ad
931 1472 990 1515 vos
1008 1472 1110 1535 usquc
1134 1451 1314 1537 dirigimus,
1330 1458 1422 1516 0101

367 1559 384 1587 “
410 1553 480 1637 ipse
502 1552 581 1616 viva
604 1573 682 1616 voce
706 1551 816 1615 verbis
838 1552 959 1615 nostris
981 1552 1081 1617 iaciat
1103 1552 1210 1630 fidem,
1235 1554 1331 1618 etde
1355 1554 1422 1619 ool-

367 1652 475 1718 “lato
506 1653 570 1717 sibi
600 1652 757 1717 beneficio
786 1652 882 1717 beato
914 1653 1055 1736 martyri
1084 1654 1268 1738 gratiarum
1299 1655 1422 1719 referat

372 1755 583 1819 “actionem

411 1856 568 1921 “Accidit
590 1856 694 1940 igitur
726 1876 793 1918 una
816 1855 951 1930 dierum,
984 1854 1046 1921 hoc
1069 1860 1119 1920 001
1142 1862 1236 1921 sexto
1259 1856 1423 1921 kalendas

367 1958 508 2033 α110011,
541 1978 614 2022 cum
646 1979 667 2021 a
703 1956 853 2041 partibus
891 1956 1011 2020 vestris
1042 1963 1246 2023 sacrosancta
1284 1959 1421 2043 pretiosi

367 2066 385 2093 “
407 2058 562 2141 martyris
585 2057 718 2121 Thomas
742 2058 880 2142 pignora
901 2057 944 2120 ad
968 2056 1134 2122 ecclesiam
1149 2065 1295 2123 nostram
1315 2081 1422 2143 usque

368 2169 385 2195 “
407 2160 664 2244 deportarentur,
688 2159 863 2244 praefatum
886 2159 1020 2224 fratrem
1043 2159 1249 2244 R[icardum]
1272 2162 1423 2246 graviter

368 2269 385 2295 “
408 2260 611 2324 infirmatum
634 2260 741 2338 fuisse,
766 2266 800 2324 01
827 2261 898 2344 jam
923 2266 1047 2345 septem
1071 2260 1140 2325 dies
1166 2261 1201 2324 in
1225 2261 1421 2326 infirmitate

367 2372 384 2396 “
406 2361 567 2437 habuisse,
606 2361 687 2426 adeo
721 2368 760 2425 ut
790 2363 923 2427 omnino
954 2363 1180 2446 desperaretur
1217 2383 1239 2426 a
1274 2362 1418 2427 medicis.

368 2472 385 2499 ‘¹
407 2464 457 2529 Ut
479 2470 590 2527 autem
617 2464 653 2526 in
676 2485 713 2528 eo
737 2465 891 2548 martyris
920 2464 1085 2529 mirabilia
1106 2464 1327 2540 clarescerent,
1348 2465 1422 2550 ipso

370 2574 387 2601 “
410 2566 463 2630 die
486 2588 551 2649 quo
575 2587 673 2630 sacrae
696 2587 795 2650 penos
818 2587 877 2630 nos
900 2571 1038 2650 receptae
1060 2571 1139 2629 00111
1160 2566 1309 2650 reliquiae
1338 2567 1424 2632 adeo

368 2676 385 2702 “
409 2667 445 2730 in
467 2688 554 2753 aegro
577 2666 721 2731 invainit
743 2666 925 2743 infirmitas,
950 2672 988 2730 01
1010 2667 1080 2752 ipse
1103 2668 1139 2730 in
1161 2669 1276 2731 mortis
1300 2669 1421 2733 consti-

369 2779 385 2806 “
409 2776 503 2834 tutus
525 2769 663 2835 articulo
692 2769 763 2854 jam
795 2768 959 2833 laboraret
981 2769 1016 2831 in
1039 2770 1203 2845 extremis,
1225 2770 1331 2834 totins
1351 2791 1421 2835 cor-

369 2881 387 2907 “
409 2873 497 2958 poris
521 2878 556 2936 01
577 2872 797 2936 membrorum
829 2875 863 2935 01
886 2870 1031 2934 omnium
1056 2893 1211 2935 sensuum
1242 2872 1427 2937 destitutus

370 2981 387 3008 “
409 2972 521 3038 officio.
570 2972 665 3051 Quod
688 2992 762 3036 cum
777 2970 872 3035 nobis
895 2976 975 3035 tunc
997 2971 1080 3035 forte
1096 2972 1304 3037 coenantibus
1326 2973 1424 3037 inno-

370 3083 387 3109 “
409 3075 534 3151 tuisset,
564 3072 757 3138 advolantes
779 3073 868 3137 ocius
898 3072 1040 3136 adeum
1074 3074 1273 3150 accessimus,
1298 3079 1334 3137 01
1355 3095 1423 3138 cer-

371 3184 387 3209 “
409 3180 524 3239 nentes
540 3175 576 3236 in
598 3195 635 3238 eo
659 3173 764 3238 solum
788 3173 937 3258 corporis,
961 3179 996 3237 01
1017 3173 1102 3236 nihil
1124 3174 1223 3249 alind,
1251 3175 1425 3238 imminere

371 3286 388 3313 “
409 3277 648 3352 resolutionem,
683 3277 817 3360 planctu
851 3281 885 3340 01
917 3274 1043 3360 ejulatu
1073 3296 1150 3339 aera
1182 3275 1353 3360 replentes,
1384 3276 1424 3338 in

371 3386 388 3412 “
410 3398 501 3442 sacra
523 3377 676 3440 unctione
699 3377 792 3441 0110
823 3376 896 3441 01110
920 3397 994 3459 quac
1017 3382 1146 3441 mortuo
1169 3376 1331 3440 debentur
1352 3376 1423 3461 ple-

371 3487 388 3513 “
410 3477 539 3542 narium
570 3478 600 3541 ci
623 3477 836 3561 praestitimus
868 3477 1067 3561 obsequium.
1114 3476 1195 3555 Quis
1218 3477 1321 3562 igitur
1351 3482 1421 3542 tam

371 3588 389 3616 ‘⁶
410 3580 540 3654 ferreus,
561 3583 630 3643 tarn
654 3579 893 3655 adamantinus,
918 3584 958 3642 01
983 3578 1052 3642 01110
1075 3577 1229 3662 lacrymis
1260 3578 1427 3664 lacrymas

371 3689 388 3716 “
410 3686 539 3746 nostras
554 3687 588 3745 et
610 3680 860 3745 lamentationes
875 3680 1032 3757 revolvat,
1049 3701 1123 3745 cum
1139 3680 1248 3744 virum
1264 3681 1425 3746 eximium

372 3792 389 3817 “
411 3789 445 3848 ct
468 3783 556 3847 omni
577 3805 704 3846 morum
727 3782 898 3847 honestate
921 3782 1121 3866 praeclarum,
1144 3783 1261 3860 virum,
1277 3785 1425 3868 inquam,

373 3892 390 3919 “
412 3885 506 3948 nobis
544 3906 654 3949 carum
693 3888 727 3947 01
764 3882 906 3948 ccclesiae
939 3891 1060 3950 nostrae
1094 3885 1211 3949 utilem
1246 3892 1280 3949 et
1312 3907 1423 3949 neces·

373 3994 390 4019 “
413 3985 543 4059 sarium,
560 3984 652 4067 quasi
675 3984 791 4048 furtim
813 3984 1015 4050 crederemus
1038 3986 1208 4049 demedio
1232 3985 1425 4048 sublatum?

374 4093 390 4119 “
413 4083 479 4149 Sed
511 4084 591 4169 qnid
630 4085 761 4149 rnultal
816 4085 1002 4150 Miserabile
1039 4085 1178 4150 cadaver
1209 4084 1244 4146 in
1282 4083 1427 4147 cinerem·

374 4196 390 4222 “
413 4186 589 4270 deponitur
611 4191 645 4250 et
675 4187 825 4263 cilicium,
851 4186 1016 4250 distractis
1039 4185 1190 4249 omnibus
1220 4185 1430 4250 indumentis

374 4296 390 4323 “
413 4293 532 4373 praeter
554 4288 656 4351 solam
675 4286 842 4362 cucullam,
866 4308 940 4370 quae
963 4286 1006 4349 ad
1022 4307 1116 4349 usum
1140 4286 1317 4369 sepulturae
1340 4287 1427 4352 circa

374 4396 391 4422 “
413 4409 536 4472 corpus,
569 4393 609 4451 01
640 4387 739 4451 moris
770 4393 828 4462 est,
863 4387 1096 4451 reservabatur.
1144 4385 1285 4464 Quidam
1321 4387 1429 4472 igitur

375 4497 391 4522 “
414 4511 456 4553 ex
486 4488 581 4553 nobis
619 4488 740 4551 debitis
774 4486 921 4551 excubiis
951 4487 1037 4552 eirca
1070 4509 1186 4572 comus
1225 4487 1429 4552 celebrandis

375 4598 391 4623 “
413 4590 580 4652 insistunt.
628 4588 771 4667 Quidam
803 4609 880 4652 vero
908 4588 1008 4672 juxta
1039 4589 1140 4653 ritum
1174 4590 1217 4653 ad
1254 4596 1427 4654 nocturnae

374 4697 392 4725 “
415 4691 535 4774 quietis
557 4713 591 4755 se
613 4689 818 4755 transferunt
850 4690 1090 4767 recreationem,
1113 4695 1154 4753 01
1185 4696 1218 4754 01
1240 4691 1304 4775 ipsi
1337 4695 1431 4774 post-
