3316 6240
371 812 437 879 374
704 826 883 874 errassem
907 829 932 874 s.
956 826 1094 886 rnoun,
1296 809 1377 891 [ars.
1393 823 1424 869 v.

371 1036 406 1079 se
432 1014 606 1099 indignum
629 1021 794 1099 reputans,
820 1015 938 1090 aiebat,
965 1015 1124 1098 “Aquam
1147 1014 1235 1078 tanti
1260 1013 1324 1077 viri
1354 1031 1427 1098 par-

372 1122 389 1150 “
412 1115 502 1180 tibus
525 1115 607 1181 meis
621 1137 689 1179 non
704 1116 887 1180 infundam.
934 1114 1041 1180 Credo
1057 1115 1146 1200 quod
1160 1115 1304 1180 bibendo
1319 1114 1428 1179 sanari

373 1224 389 1250 “
413 1217 533 1302 possim
547 1241 554 1296 ;
569 1216 690 1283 sufficit
705 1223 744 1282 ut
755 1217 875 1282 bibam.
907 1217 1017 1282 Sedet
1029 1217 1174 1282 bibentis
1185 1217 1427 1303 indignitatem,

373 1331 391 1357 “
412 1343 532 1408 precor,
567 1322 703 1387 bibendi
750 1324 926 1389 necessitas
968 1329 1004 1387 et
1033 1323 1189 1409 martyris
1227 1322 1333 1408 pietas
1370 1343 1428 1386 ex-

374 1432 391 1459 “
412 1430 536 1490 cusent.
583 1424 670 1490 Sane
685 1425 713 1488 si
729 1425 881 1490 sanitatis
904 1424 1085 1490 remedium
1108 1446 1295 1510 consequor,
1319 1423 1426 1490 locum

374 1534 392 1562 “
414 1548 513 1610 quem
528 1527 689 1611 martyrio
712 1527 915 1593 consecravit
937 1527 1127 1612 peregrinus
1149 1526 1273 1591 adib0.”

419 1628 518 1692 Visus
549 1633 601 1692 est
633 1628 688 1694 hic
721 1634 849 1714 martyr
880 1628 1152 1714 promissionibus
1173 1648 1329 1704 anuuere,
1352 1648 1427 1712 pro-

374 1730 583 1813 cinctumque
605 1729 649 1794 ab
680 1750 720 1796 eo
751 1729 1023 1815 peregrinationis
1046 1750 1227 1815 exposcere,
1262 1734 1427 1813 quatenus

375 1830 488 1896 relicto
511 1830 696 1896 schismatis
719 1832 871 1918 contagio
897 1832 992 1897 fieret
1014 1831 1204 1896 infidelibus
1231 1830 1426 1916 exemplmn.
1479 1836 1482 1841 '

375 1931 464 1996 Nam
486 1931 580 1997 videt
601 1953 688 2018 aeger
710 1933 746 1997 in
768 1933 890 1998 somnis
912 1954 1040 1999 sacrum
1063 1933 1223 2018 liquorem
1245 1931 1338 1997 tibiae
1360 1952 1428 1995 suae

375 2037 620 2124 superinhrsum
635 2038 785 2104 defluere.
825 2039 875 2103 Ea
896 2038 1001 2126 igitur
1022 2059 1089 2103 nox
1107 2039 1137 2103 ei
1161 2039 1312 2124 quietum
1334 2058 1428 2122 sopo-

376 2161 445 2205 rem
460 2140 625 2225 praestitit,
648 2140 794 2225 gravitas
817 2141 946 2224 quievit
968 2146 1003 2205 et
1024 2140 1117 2205 dolor
1139 2139 1270 2206 excidit.
1316 2138 1430 2203 Bibita

376 2261 454 2306 vero
486 2262 574 2326 aqua
602 2241 751 2319 salutari,
775 2241 927 2328 protinus
959 2241 1130 2307 desiccatis
1153 2241 1293 2308 cocturis
1325 2241 1427 2326 eoepit

376 2342 510 2409 irrferior
541 2363 617 2429 pars
651 2343 793 2429 corporis
816 2349 851 2409 et
873 2343 958 2408 tibia
989 2365 1064 2428 quae
1086 2343 1215 2408 emole
1246 2342 1297 2407 sui
1320 2347 1428 2407 status

376 2445 544 2510 exciderat
565 2445 741 2530 pubescere
771 2445 808 2509 in
830 2445 1086 2532 grossitudinem
1109 2449 1143 2509 et
1165 2443 1352 2510 naturalem
1375 2466 1426 2508 re·

371 2544 493 2611 'vocare
522 2544 671 2623 colorem,
703 2545 806 2612 donec
836 2546 933 2612 alteri
965 2547 1001 2610 in
1034 2547 1140 2632 specie
1172 2552 1207 2611 et
1240 2545 1428 2632 quantitate

376 2670 437 2735 par
451 2649 552 2713 ficret.
584 2648 744 2713 Similiter
766 2654 801 2713 et
822 2649 993 2714 brachium
1008 2650 1121 2715 eodem
1145 2649 1241 2713 modo
1264 2655 1299 2714 ct
1314 2649 1428 2714 eadem

376 2750 503 2815 visione
534 2750 725 2816 restitutum
757 2756 816 2825 cst,
838 2750 904 2815 nisi
935 2751 1024 2835 quod
1047 2750 1196 2816 nondum
1218 2751 1261 2817 ad
1283 2772 1427 2837 unguem

377 2852 558 2939 digitorum
579 2851 762 2938 agilitatem
786 2858 1001 2938 recuperaret.

209 2962 264 3039 rho
421 2955 659 3023 convalescens
681 2955 786 3042 igitur
808 2955 954 3021 indicat¹
977 2956 1127 3042 episeopo
1150 2977 1210 3021 suo
1239 2977 1273 3020 sc
1296 2976 1429 3042 peregre

208 3027 620 3157 gffffiaosprofecturum
649 3057 707 3141 qui
729 3056 786 3134 ait,
812 3066 828 3090 “
837 3056 916 3121 Non
938 3061 989 3121 est
1011 3077 1139 3122 necesse
1162 3056 1225 3121 tibi
1248 3056 1430 3142 proficisci;

209 3160 252 3210 1¹¹³
263 3160 328 3211 anti-
378 3167 395 3193 “
417 3180 517 3224 sanus
532 3157 593 3223 es.''
631 3157 706 3223 Hoc
727 3162 840 3222 autem
856 3157 986 3222 dicebat
1012 3156 1087 3222 ideo
1109 3158 1198 3242 quod
1220 3157 1428 3223 ecelesiastici

208 3241 296 3357 ffi'y
377 3258 561 3325 schismatis
576 3258 808 3343 implicabatur
828 3278 943 3334 errore,
959 3256 1094 3323 credens
1108 3258 1151 3323 ad
1173 3257 1428 3323 infirmationem

209 3357 327 3475 affigo
376 3382 446 3426 suae
480 3360 584 3446 partis
613 3360 786 3445 provenire
820 3360 849 3424 si
881 3365 1009 3445 martyr
1040 3359 1314 3446 magnificaretur.
1362 3359 1428 3440 Qui

209 3489 262 3539 uim
273 3489 340 3541 hom
377 3462 457 3527 dum
480 3467 662 3547 superesset
693 3462 730 3525 in
760 3482 864 3538 carne,
900 3461 935 3524 in
967 3483 1042 3525 eum
1077 3466 1111 3525 et
1133 3461 1169 3524 in
1200 3482 1312 3527 omnes
1342 3481 1428 3528 com-

209 3556 364 3623 pilgrimage.
378 3562 479 3648 plicas
503 3561 702 3628 Octaviani²
733 3561 958 3628 haeresiarchae
981 3562 1180 3627 sententiam
1204 3564 1428 3628 exeommuni-

377 3664 516 3731 cationis
561 3663 624 3727 sub
668 3662 859 3729 Alexandro
903 3684 990 3748 papa
1036 3667 1158 3728 sanctae
1196 3663 1429 3729 recordationis

377 3767 657 3832 interminaverat.
720 3765 911 3851 Respondit,
951 3764 1132 3828 “Eundum
1171 3770 1222 3830 est
1258 3765 1342 3830 mihi
1386 3766 1429 3831 ml

378 3869 614 3935 “salvatorem
645 3888 762 3931 meum.
825 3866 863 3930 Si
900 3865 988 3931 enim
1023 3870 1060 3930 tu
1092 3866 1162 3952 ipse
1196 3887 1307 3951 posses
1340 3867 1428 3951 qued

377 3974 546 4055 “martyr
579 3968 691 4055 potuit
721 3972 757 4032 et
789 3967 938 4044 contidit,
974 3967 1014 4031 de
1044 3967 1171 4033 ratione
1204 3968 1339 4033 consilio
1368 3973 1429 4034 tuo

378 4081 396 4108 “
418 4078 546 4138 starem.
609 4070 705 4151 Quod
742 4070 821 4155 quia
852 4089 919 4135 non
957 4076 1095 4155 possunt
1127 4069 1184 4155 qui
1223 4069 1429 4136 Octaviano³

379 4184 396 4211 “
418 4177 659 4249 consenserunt,
683 4193 758 4258 pars
781 4172 926 4249 adversa,
950 4172 1022 4239 luce
1045 4172 1215 4258 signorum
1247 4193 1427 4250 coruscans,

379 4286 397 4313 “
419 4278 555 4344 evicisse
576 4273 791 4351 convincitur,
816 4275 973 4360 litemque
997 4275 1054 4339 diu
1071 4274 1159 4339 inter
1181 4296 1241 4339 nos
1265 4274 1428 4360 agitatam

379 4388 396 4414 “
418 4380 530 4445 Judex
552 4379 621 4463 ipsc
639 4376 790 4441 veritatis
813 4376 942 4453 decidit,
967 4378 1046 4441 dum
1062 4377 1205 4441 virtutes
1228 4397 1310 4460 quas
1332 4376 1427 4442 nobis

382 4506 388 4512 ,
674 4502 904 4509 —-..——-.
917 4504 977 4509 -ψ

411 4561 418 4592 ¹
438 4561 463 4610 Λ
486 4558 717 4628 name-probably
740 4556 880 4606 Thoma-
900 4573 906 4666 Ι
963 4555 973 4588 ²
993 4555 1138 4619 Octaviani,
1149 4557 1205 4607 MS.

375 4642 425 4768 lppg
434 4642 499 4690 been
519 4639 609 4691 erased
628 4638 694 4689 after
705 4636 757 4687 this
769 4637 840 4687 word
851 4636 878 4686 in
899 4679 904 4769 Ι
962 4637 972 4669 ³
992 4635 1139 4695 Octaviano,
1151 4636 1209 4687 MS.
