3308 5640
245 772 308 821 ms.
325 755 386 840 vr]
446 769 605 818 sumens
628 768 808 816 wrmmuo
831 767 1093 817 crurulmrusn
1230 753 1295 815 413

246 951 262 978 “
284 968 405 1024 sumus,
428 968 502 1032 quse
525 947 641 1010 domus
664 951 715 1010 est
744 944 786 1010 de
817 943 954 1009 caritate
977 949 1012 1009 et
1041 965 1099 1029 per
1129 943 1220 1007 illam
1255 942 1295 1006 de

243 1055 262 1080 “
286 1047 444 1114 Cluniuco
467 1046 643 1112 Redolium
664 1046 841 1124 nominato,
866 1045 901 1107 in
922 1044 1111 1129 episcopatu
1135 1042 1294 1107 Meldensi

244 1156 260 1183 “
283 1150 356 1229 situ
373 1151 408 1213 in
423 1149 572 1235 pertibus
587 1147 707 1213 nostris
723 1148 805 1212 bene
821 1151 908 1224 nota,
928 1142 1147 1211 conventum¹
1172 1144 1296 1209 hebens

244 1251 437 1336 “sigillum
484 1250 556 1315 Nec
583 1249 702 1314 hocin
724 1248 855 1313 leudem
878 1253 1032 1324 nostram,
1056 1247 1113 1312 sed
1140 1247 1176 1310 in
1203 1245 1297 1311 testi-

244 1359 261 1384 “
283 1351 431 1416 monium
462 1350 610 1436 praedicti
643 1349 708 1412 viri
736 1349 925 1427 dixerimus,
958 1353 992 1412 ct
1025 1355 1065 1413 ut
1097 1369 1193 1413 nemo
1224 1347 1296 1432 jum

244 1460 260 1485 ¹‘
284 1452 355 1536 ejus
377 1450 548 1516 assertioni
567 1449 664 1514 fidem
683 1449 838 1515 adhibere
860 1454 1041 1524 cunctetur,
1058 1471 1133 1515 oum
1155 1448 1296 1513 duorum

245 1562 263 1588 “
286 1552 408 1618 habeat
440 1551 674 1628 testimonium,
705 1556 739 1616 et
770 1551 806 1614 in
846 1572 901 1615 ore
934 1550 1074 1615 duorum
1108 1550 1162 1616 vel
1195 1551 1297 1615 trium

244 1663 261 1690 “
284 1660 351 1719 stet
373 1675 469 1719 omne
492 1653 637 1719 verbum.
683 1652 792 1718 Vule.''

244 1885 302 1969 (6.)
325 1885 372 1949 De
398 1881 541 1949 meliore
571 1903 645 1967 qcoe
679 1888 860 1968 pooquom
892 1888 1014 1948 curata
1044 1889 1089 1947 cst
1124 1903 1147 1948 o
1173 1881 1297 1967 fistulo

328 2007 392 2073 per
423 1983 557 2050 beatum
589 1982 757 2060 llumnom,
781 1990 921 2070 propter
950 1982 1158 2068 inflatwam
1191 1981 1297 2049 modi

333 2108 450 2152 coaucu
471 2085 666 2151 hemnacum
688 2085 855 2170 apposuit.
944 2107 949 2113 ’

288 2235 520 2300 “Venemndis
542 2234 684 2298 dominis
707 2238 741 2298 et
762 2234 912 2318 patribus
935 2235 1003 2298 suis
1025 2234 1126 2319 priori
1150 2233 1296 2300 (lentun-
1310 2240 1426 2304 Pontius.

243 2336 384 2399 “riensi
408 2341 442 2400 et
476 2335 629 2399 universo
656 2334 834 2399 conventui
867 2334 1018 2419 gloriosae
1050 2334 1297 2399 Centueriensis
1310 2307 1450 2436 ffiffli,

243 2445 261 2473 “
284 2437 435 2515 ecclesiae,
474 2437 562 2501 beati
601 2436 735 2501 Thomae
772 2437 928 2521 martyris
969 2437 1101 2522 gloriosi
1139 2437 1297 2523 sanguine
1311 2439 1467 2505 totmprior

243 2550 259 2576 “
283 2541 451 2616 dccoretae,
482 2540 620 2604 Pontius
658 2539 809 2603 minister
839 2539 976 2603 humilis
1006 2539 1239 2616 Arvernorum,
1262 2545 1297 2604 et
1311 2507 1433 2622 {fflff

244 2653 261 2680 “
284 2643 430 2728 ejusdem
465 2643 615 2728 praedicti
653 2643 809 2727 martyris
846 2643 979 2729 gloriosi
1015 2643 1180 2728 quondam
1214 2665 1297 2730 prae-
1311 2637 1416 2689 Canter-

244 2751 262 2779 “
285 2744 437 2810 corneus
467 2743 600 2821 amicus,
631 2743 710 2809 uoce
739 2744 896 2830 mugnus
928 2745 999 2829 ejus
1032 2745 1068 2807 in
1103 2745 1196 2810 coru
1222 2706 1384 2810 oon-¹³⁰³·

245 2853 262 2879 “
285 2845 424 2910 sortium
446 2843 582 2929 adipisci
607 2844 700 2929 cujus
723 2846 757 2909 in
775 2845 871 2909 terris
896 2852 965 2910 tem
988 2846 1094 2910 multa
1117 2845 1300 2931 patrocinio

246 2957 263 2983 “
286 2949 483 3013 sentiuntur.

291 3059 307 3084 “
320 3049 483 3129 Quoniam
513 3048 638 3134 placuit
661 3048 804 3114 Domino
827 3049 999 3115 mirificare
1030 3055 1180 3116 sunctum
1202 3070 1299 3113 suum

245 3160 262 3185 “
285 3151 387 3236 signis
410 3157 445 3215 et
470 3150 632 3235 portentis
655 3155 690 3214 et
721 3150 927 3215 mirabilibus
950 3150 1072 3227 multis,
1095 3172 1170 3236 quae
1200 3149 1299 3236 glori-

246 3262 338 3318 “ose
368 3275 427 3339 pcr
460 3252 569 3337 ipsum
604 3252 726 3337 ubique
758 3258 918 3317 terrerum
941 3252 1103 3316 Dominus
1137 3257 1299 3338 operatur,

245 3364 262 3389 “
284 3356 458 3441 indignum
482 3355 591 3419 visum
615 3359 666 3419 est
687 3353 783 3419 nobis
809 3354 940 3419 silentio
963 3355 1130 3440 praeterire
1153 3354 1241 3440 quod
1264 3355 1300 3420 iu

246 3465 262 3491 “
286 3463 373 3522 term
394 3460 507 3521 nostra
529 3461 676 3522 recenter
697 3456 821 3521 factum
844 3453 1041 3520 didicimus.2
1078 3456 1173 3520 Teste
1197 3455 1299 3540 siqui-

246 3570 263 3596 “
286 3561 360 3624 dem
383 3559 582 3625 conscientia
604 3559 777 3645 loquimur,
800 3557 885 3623 nihil
908 3564 1029 3644 prester
1050 3559 1225 3625 veritatem
1249 3580 1299 3624 ns-

246 3669 390 3725 “serere
412 3682 472 3725 nec
502 3666 636 3745 propter
666 3660 780 3725 leudes
813 3660 916 3745 ipsius
939 3680 1036 3744 quem
1068 3659 1197 3725 laudari
1228 3666 1301 3726 tote

247 3769 263 3795 ‘⁴
286 3760 408 3824 mentis
445 3760 631 3826 intentione
668 3760 858 3847 gaudemus,
897 3759 955 3824 sed
993 3760 1027 3823 id
1065 3760 1172 3824 solum
1210 3761 1299 3846 quod

247 3872 264 3898 ‘⁴
286 3862 382 3927 nobis
403 3861 552 3926 fidelium
575 3883 788 3947 personarum
810 3866 901 3926 certe
914 3860 1074 3926 relatione
1096 3867 1299 3948 compertum

248 3975 264 3999 “
287 3970 345 4040 cst,
369 3964 457 4028 unde
481 3962 616 4026 minime
639 3962 737 4027 licent
759 3962 913 4028 dubitari.

291 4067 417 4151 “Apud
448 4064 604 4130 Anicium
635 4063 806 4128 civitatem
846 4066 981 4152 quidum
1017 4065 1189 4152 burgensis
1219 4070 1299 4143 erat,
1312 4058 1402 4176 2832
1413 4068 1463 4177 *lm

247 4177 264 4202 “
286 4168 456 4233 Johsnnes
493 4165 668 4230 Sisteroius
710 4166 852 4245 nomine,
888 4169 941 4231 vir
970 4168 1112 4253 quidem,
1148 4167 1234 4232 sicut
1264 4166 1299 4231 in
1312 4142 1420 4257 γεω,

248 4280 264 4304 “
287 4269 406 4335 smculo
429 4269 498 4334 fieri
523 4268 606 4333 solet
629 4272 664 4333 et
685 4274 802 4353 potest,
819 4291 893 4335 cum
915 4291 1018 4334 uxore
1041 4290 1101 4334 sue
1116 4267 1300 4355 religiosam
1312 4256 1465 4376 ffffl

281 4568 289 4601 ¹
307 4568 433 4634 Wrongly
444 4568 541 4618 altered
559 4568 594 4634 by
606 4567 749 4619 interlinea-
833 4566 844 4600 ²
861 4566 1012 4629 didiscimus,
1023 4569 1081 4622 MS.

247 4649 301 4699 tion
314 4657 339 4699 to
351 4656 512 4697 resumtum
523 4646 549 4697 ln
561 4648 618 4699 MS.
