3316 6240
240 1232 304 1281 urs.
321 1215 382 1299 vn]
439 1231 598 1280 suenone
621 1229 802 1279 wnumno
825 1229 1088 1280 esurumnnsn
1226 1218 1289 1280 501

241 1423 413 1503 prosecuta
435 1416 523 1480 viros
547 1415 685 1501 rogabat
706 1416 829 1480 reverti
852 1416 895 1481 ad
917 1439 959 1493 se,
977 1422 1010 1481 et
1033 1438 1092 1502 pro
1114 1416 1215 1481 libitu
1230 1438 1289 1482 suo

242 1526 357 1605 potum
380 1541 515 1583 sumere.
562 1517 690 1597 Quibus
712 1518 907 1594 nolentibus,
932 1519 989 1583 sed
1012 1519 1291 1596 maledioentibus,

241 1620 363 1686 timens
384 1620 444 1684 illa
473 1619 606 1684 domum
633 1619 739 1683 redire
761 1619 826 1683 nisi
860 1619 952 1704 prius
983 1620 1113 1705 placato
1136 1624 1290 1706 martyre,

242 1723 335 1787 misit
357 1744 415 1808 per
438 1723 550 1786 domos
580 1727 778 1806 aegrotorum
801 1720 894 1785 lectis
917 1721 1098 1798 affixorum‚
1121 1726 1162 1786 ut
1184 1723 1227 1786 ad
1257 1744 1291 1786 se

242 1845 303 1888 sua
341 1845 422 1887 vasa
461 1822 731 1886 transmitterent.
788 1821 939 1906 Cumque
972 1829 1160 1909 precaretur
1190 1823 1291 1888 etiarn

242 1930 423 2010 martyrem
446 1925 533 2008 quod
549 1923 676 2008 aliquos
699 1923 750 1988 ad.
764 1945 798 1986 se
822 1924 980 2009 dirigeret
1006 1924 1127 2010 quibus
1157 1925 1229 2010 ipsa
1251 1925 1293 1988 de

243 2026 413 2111 parcitatis
436 2047 504 2090 suae
534 2025 682 2109 reliquiis
713 2025 906 2109 impertiret,
945 2025 1144 2110 paupercula
1173 2025 1293 2090 mulier

240 2128 383 2212 gravida
405 2149 479 2193 cum
495 2126 623 2190 duobus
644 2126 790 2211 puerulis
815 2127 1004 2204 intervenit,
1029 2134 1063 2192 et
1085 2127 1199 2191 statim
1224 2148 1292 2192 eer-

243 2229 316 2294 visa
336 2230 437 2293 stetit.
485 2228 582 2307 Quod
604 2229 721 2293 videns
737 2229 993 2306 materfamilias,
1009 2230 1134 2293 dolium
1150 2228 1234 2293 illud
1250 2252 1293 2295 ex

242 2352 363 2417 magna
374 2336 467 2416 parte
477 2335 663 2406 vacuatum,
674 2331 714 2394 de
730 2330 859 2394 monitu
870 2330 1063 2393 aneillanrm
1073 2330 1115 2394 ad
1127 2352 1292 2394 summum

243 2453 347 2517 usque
370 2432 519 2518 replevit,
543 2433 648 2497 sciens
672 2437 706 2495 et
729 2432 845 2494 videns
860 2430 944 2493 illud
960 2431 1132 2514 quodlibet
1146 2431 1294 2495 infusum

243 2554 336 2618 posse
352 2534 527 2608 continere,
540 2533 597 2595 sed
613 2536 746 2616 proptor
761 2530 998 2615 blasphemiam
1014 2531 1105 2615 prius
1121 2530 1293 2596 effluxisse.

243 2633 301 2699 Sia
322 2634 440 2697 mulier
462 2632 620 2697 beneficia
641 2631 782 2696 contulit
797 2631 906 2697 invita
922 2653 996 2716 quae
1011 2632 1115 2718 gratis
1138 2637 1172 2697 et
1186 2633 1295 2718 gratia

119 2792 126 2799 .
244 2734 360 2818 majori
383 2734 495 2819 potuit
518 2733 700 2799 contulisse.

246 2994 348 3078 (108.)
384 2994 431 3059 De
462 2992 572 3059 milite
606 2993 669 3079 qui
699 3000 841 3059 curatus
873 3001 918 3060 est
952 3017 990 3060 ea
1016 3002 1116 3081 perte
1150 3017 1174 3060 u
1205 2994 1294 3095 bruto

450 3095 584 3172 Timore,
607 3102 636 3160 et
655 3094 791 3181 purtim
813 3095 855 3160 ab
877 3095 948 3161 ulto
971 3103 1091 3162 sonato.

290 3268 385 3333 Miles
401 3266 543 3352 quidam,
567 3267 607 3331 <le
624 3266 778 3331 Brieheni
794 3268 1050 3353 cognominatus,
1066 3269 1170 3333 altero
1192 3290 1295 3356 genu·
1309 3304 1336 3354 A
1347 3306 1440 3371 knignt

244 3392 339 3436 orum
362 3392 495 3433 suorum
511 3369 654 3433 dolorem
682 3369 915 3454 grauissimum
938 3370 1075 3454 patiens,
1101 3391 1168 3434 non
1191 3371 1296 3435 solum
1309 3372 1464 3449 condoleo

245 3493 312 3537 non
342 3470 521 3547 incedebat,
554 3469 612 3535 sed
641 3491 702 3535 neo
732 3470 935 3546 movebatur,
958 3471 1023 3534 nisi
1054 3494 1155 3535 manu
1188 3478 1295 3536 trans-
1309 3439 1450 3555 fflff
1499 3545 1505 3556 ,

244 3578 431 3659 portaretur
453 3572 568 3636 aliena.
615 3571 689 3650 Qua
710 3571 860 3656 passione
882 3572 1031 3637 laborans
1055 3574 1147 3658 quasi
1171 3595 1298 3640 menses

240 3673 398 3758 quinque,
422 3673 486 3736 iter
508 3672 642 3737 tandem
666 3672 760 3736 vovit
790 3678 825 3739 et
847 3672 1046 3738 oblationem
1069 3674 1216 3759 martyri,
1240 3675 1298 3739 sed

242 3775 391 3839 nondum
415 3774 591 3851 convaluit,
615 3773 746 3838 volente
778 3773 920 3839 Domino
943 3782 982 3839 ut
1012 3775 1042 3839 ei
1065 3776 1171 3861 primo
1194 3776 1299 3861 major

243 3877 280 3940 in
310 3877 477 3943 curatione
509 3898 626 3942 manus
656 3882 882 3960 apponeretur.
938 3876 1047 3962 Igitur
1077 3900 1119 3943 ex
1150 3878 1297 3943 admoni-

243 3978 358 4043 tione¹
390 3978 505 4059 divina
538 3979 686 4043 membra
719 3998 780 4040 sua
811 3979 1020 4044 commetitus
1053 3980 1096 4045 ad
1130 3979 1297 4046 ecelesiam

242 4078 349 4143 beatae
385 4079 498 4143 Mariae
529 4078 690 4143 luminare
714 4078 904 4156 transmisit,
928 4080 1099 4165 aliquanto
1126 4081 1232 4165 spatio
1256 4080 1298 4144 ab

241 4199 281 4242 eo
305 4177 375 4266 looo
398 4179 599 4263 disparatam
629 4202 694 4264 quo
718 4177 893 4259 decubuit3
933 4181 1114 4265 statimque
1144 4181 1180 4243 in
1211 4182 1298 4245 sani·

243 4284 349 4343 tatem
380 4279 526 4363 proserit,
550 4287 590 4344 ut
619 4282 718 4366 pedes
750 4281 982 4358 deambularet,
1006 4280 1159 4366 quamvis
1190 4282 1297 4346 adhuc

244 4380 444 4444 inniteretur
458 4381 583 4446 baculo,
630 4382 809 4468 Postquam
824 4390 936 4448 autem
952 4383 1054 4468 juxta
1068 4388 1185 4446 votum
1201 4404 1297 4445 suum

243 4481 287 4545 ad
321 4479 438 4546 limina
477 4482 633 4567 martyris
664 4484 729 4548 iter
759 4485 908 4570 arripuit,
940 4483 1038 4569 plena
1069 4482 1132 4546 sibi
1156 4484 1298 4548 sanitate

242 4583 418 4649 restitutus
442 4590 501 4649 est:
