3316 6240
341 769 409 836 alo
675 780 855 831 amacura
876 780 902 830 a
925 778 1062 839 enoris,
1245 759 1323 846 [nra
1340 776 1385 829 1v.

412 1011 492 1097 (25.)
516 1010 563 1076 Dc
586 1030 621 1076 eo
643 1010 706 1097 qui
729 1010 860 1097 imaum
881 1008 1033 1076 irwcmdt
1056 1006 1142 1094 quia
1163 1005 1333 1074 curatrici

793 1110 942 1177 udbccsc't.

180 1278 278 1334 omos
391 1266 607 1332 “Venerabili
631 1265 881 1331 Cantuariensis
904 1264 1047 1330 ecclesiae
1070 1264 1171 1349 priori
1196 1268 1230 1329 et
1245 1263 1392 1348 ejusdem

178 1347 322 1464 ssffim
347 1375 365 1402 “
387 1368 529 1434 ecclesiae
560 1368 765 1434 sanctissimo
803 1367 989 1442 conventui,
1024 1366 1127 1432 frater
1164 1366 1273 1440 Fulco,
1304 1365 1393 1450 prior

179 1478 282 1543 leprecy
348 1478 365 1505 “
387 1469 476 1534 beati
499 1468 650 1535 Leonorii
681 1469 722 1532 de
753 1468 965 1544 Bellomonte,
990 1472 1025 1532 et
1058 1468 1159 1553 Hugo
1189 1468 1230 1531 de
1253 1466 1394 1531 Praeriis

179 1558 228 1595 ⁰⁰¹¹
273 1608 292 1657 h
348 1578 364 1606 “
387 1570 542 1647 sacerdos,
566 1570 713 1635 salutem.
761 1569 888 1634 Notum
910 1569 982 1633 fieri
997 1567 1149 1632 volumus
1176 1568 1306 1634 caritati
1321 1589 1394 1632 ves·

179 1607 327 1725 minin.
347 1679 365 1707 “
386 1676 447 1735 trae
477 1670 671 1736 miraculum
694 1670 850 1734 memoria
872 1669 1009 1755 dignum
1040 1669 1076 1732 in
1099 1669 1253 1755 parochia
1281 1674 1395 1733 nostra

347 1771 556 1837 “effulsisse
619 1771 771 1857 Contigit
807 1791 952 1855 namque
988 1771 1201 1856 praesentium
1247 1770 1393 1846 latorem,

347 1881 364 1908 “
387 1872 536 1938 Odonem
584 1873 725 1950 nomine,
764 1871 1001 1958 parochianum
1060 1872 1193 1956 quidem
1234 1877 1393 1949 nostrum,

348 1983 365 2011 “
386 1974 549 2041 meretrici
572 1974 755 2052 adhaesisse,
779 1975 957 2059 statimque
980 1978 1055 2059 post
1069 1980 1238 2060 peccatum
1262 1996 1394 2059 poenam

348 2082 365 2110 “
386 2076 512 2161 peccati
543 2075 668 2161 lepram
703 2075 926 2153 contraxisse3
956 2075 1045 2139 unde
1078 2075 1173 2141 eorde
1200 2081 1395 2161 compuncto

349 2174 563 2241 “convolans
586 2176 629 2240 ad
652 2175 862 2241 confessionis
876 2175 1086 2260 baptismum,
1102 2182 1235 2261 accepto
1257 2197 1278 2241 a
1300 2176 1394 2241 nobis

348 2284 365 2310 “
387 2275 530 2354 consilio,
541 2276 649 2342 locum
663 2278 700 2340 in
720 2298 785 2362 quo
799 2276 916 2341 beatus
931 2275 1074 2341 Thomas
1088 2282 1216 2363 martyr
1238 2282 1272 2342 et
1287 2277 1394 2362 ponti-

349 2383 366 2411 “
387 2375 443 2439 fex
467 2376 644 2461 requiescit
664 2376 755 2441 adire
788 2376 954 2455 decrevit3
987 2398 1111 2442 vovens
1141 2378 1177 2440 in
1200 2383 1395 2463 perpetuum

350 2486 367 2512 ‘⁴
390 2499 424 2541 se
447 2498 579 2543 earnem
600 2499 668 2542 non
683 2482 902 2563 gustaturum,
919 2478 976 2542 sed
998 2499 1059 2543 nec
1073 2479 1190 2542 vinum
1206 2478 1287 2543 feria
1302 2482 1397 2543 sexta

351 2585 368 2612 ‘⁸
390 2577 582 2656 bibiturum,
616 2600 676 2644 nec
707 2578 884 2644 intcnrlam
920 2579 1117 2643 induturum
1148 2580 1250 2645 donec
1280 2586 1397 2645 votum

352 2686 369 2714 “
391 2679 576 2765 compleret.
624 2678 713 2759 Quid
747 2679 868 2766 plural
913 2679 993 2744 Voti
1018 2685 1236 2766 transgressor
1266 2702 1395 2747 carnem

350 2786 369 2815 “
390 2780 539 2856 comedit,
562 2783 597 2844 et
619 2779 789 2845 confestim
824 2780 927 2846 fracto
955 2785 1034 2845 voto
1056 2786 1165 2845 totum
1187 2802 1304 2866 corpus
1327 2781 1397 2865 ejus

351 2880 600 2967 “elephantino
622 2881 735 2947 morbo
765 2902 953 2966 percussum
975 2886 1033 2945 cst.
1079 2882 1177 2947 Unde
1200 2883 1398 2967 poenitentia

350 2980 509 3046 “ductus
546 2980 682 3046 consilio
711 2986 823 3045 nostro
857 2985 972 3045 votum
1011 2981 1153 3057 iteravit,
1192 2988 1227 3046 et
1256 2982 1398 3046 viriliter

351 3088 368 3116 “
391 3080 520 3159 tenuit3
551 3081 660 3165 sicque
686 3080 774 3145 infra
803 3081 901 3145 breve
933 3086 1064 3165 tempus
1095 3103 1169 3147 caro
1199 3082 1302 3167 ipsius
1330 3082 1396 3146 sere

312 3211 317 3222 ·
350 3189 368 3217 “
390 3182 538 3267 pristinae
553 3183 709 3247 restituta
724 3188 774 3247 est
788 3182 931 3247 sanitati
979 3181 1052 3247 Hoc
1066 3187 1186 3259 autem,
1199 3182 1396 3249 sanctissimi

351 3292 368 3317 “
391 3288 509 3367 patres,
524 3283 614 3367 apud
636 3304 696 3347 nos
712 3288 823 3348 actum
846 3281 933 3347 inter
955 3288 1073 3348 oaetera
1090 3284 1226 3369 pretiosi
1241 3284 1397 3369 martyris

351 3391 368 3418 “
391 3382 551 3449 miracula
572 3382 691 3449 ascribi
714 3405 902 3467 quaesumus
929 3382 1085 3449 faciatis.”

376 3637 456 3722 (26.)
479 3635 528 3703 Da
545 3636 670 3722 juvene
692 3646 812 3706 sonato
835 3640 932 3726 cujus
953 3638 1121 3706 cerebrum
1143 3639 1381 3727 effumlcbctur.

185 3806 324 3885 Βρὴοηοί
396 3796 547 3862 Mirabile
582 3798 661 3882 quia
691 3798 838 3863 membra
867 3797 1016 3864 humana
1051 3803 1180 3885 martyr
1208 3800 1321 3865 ablata
1349 3821 1399 3864 re·

184 3872 295 4004 ᾖξ’
350 3898 491 3977 format;
522 3896 762 3964 nihilominus
794 3900 956 3965 credimus
978 3900 1208 3966 admirandum
1231 3901 1317 3986 quod
1341 3901 1400 3965 ab·

185 4004 250 4082 regn
350 3999 428 4064 latis
464 3999 623 4064 vitalibus
655 4000 810 4064 membris
848 4001 954 4066 vitam
992 4007 1170 4066 conservat.
1231 4000 1398 4065 Juvenem

203 4069 329 4199 „5333ss
351 4100 534 4165 nonnum
569 4099 611 4164 ne
642 4099 725 4165 vina
762 4099 926 4179 naraon,
958 4122 1033 4166 aum
1070 4107 1168 4188 porus
1204 4121 1226 4167 a
1262 4101 1400 4165 anema

184 4200 296 4260 mmm,
352 4202 584 4287 digrederetur,
607 4202 751 4287 aggressi
783 4207 862 4267 sunt
888 4203 1023 4289 qnidam
1056 4203 1208 4269 malevoli
1238 4202 1296 4287 qui
1318 4202 1400 4267 vitae

182 4264 338 4381 ffiffid
353 4302 424 4382 ejus
446 4302 695 4367 insidiabantur.
743 4302 890 4381 Quorum
923 4325 1010 4369 unus
1032 4305 1134 4391 capiti
1149 4290 1152 4295 ¹
1168 4304 1239 4389 ejus
1261 4303 1400 4370 securim

184 4398 308 4513 ffssd'
352 4402 513 4488 infligam,
551 4422 651 4486 quam
688 4402 775 4468 mola
804 4410 951 4469 recenter
987 4410 1022 4470 et
1052 4405 1146 4471 incus
1175 4405 1401 4490 procuderant,

183 4528 290 4579 munos
351 4508 480 4588 partem
502 4503 627 4568 cerebri
649 4523 724 4568 cum
746 4503 880 4570 laesione
902 4504 967 4591 pise
989 4506 1105 4571 matris
1120 4506 1273 4572 excussit.
1320 4505 1401 4585 Qui-

184 4592 283 4645 halen
353 4603 429 4670 dam
451 4607 563 4669 autem
595 4602 738 4671 brachiis
760 4609 795 4669 et
828 4604 932 4682 lateri,
956 4605 1043 4673 sieut
1075 4610 1110 4672 et
1141 4606 1269 4673 caeteris
1300 4626 1401 4671 mem-
