3316 6240
303 787 346 849 80
681 798 764 847 vrra
785 799 813 847 a.
835 796 974 857 rnorem,

341 1043 420 1130 (71.)
444 1042 578 1109 Litterae
600 1040 752 1107 Rmrntai
770 1040 945 1127 peratificie
966 1040 1013 1105 cal
1036 1038 1201 1127 episcopeo
1222 1046 1320 1107 terren

450 1143 537 1229 reple
559 1142 753 1227 [implorem
775 1141 940 1227 inrepere
962 1138 1197 1207 Fratrtcorwm}

339 1296 494 1352 “Noverit
525 1296 668 1351 industria
698 1302 798 1351 vestra
829 1296 906 1367 qnod
941 1313 994 1350 nes
1030 1295 1211 1351 venerabiles
1248 1296 1355 1352 fratrea

304 1382 323 1407 ‘⁴
343 1386 467 1445 nostroe,
493 1380 759 1449 Rethomagensem
790 1379 1042 1450 archiepiscopum
1076 1384 1106 1433 et
1137 1378 1354 1435 Niverneneem

304 1464 322 1490 ‘⁴
343 1463 521 1533 episcopum,
541 1463 578 1517 ad
596 1479 697 1533 regem
716 1462 883 1533 Anglerum
903 1479 957 1532 pro
974 1478 1046 1533 paee
1064 1466 1095 1515 et
1118 1462 1355 1517 reconciliatione

305 1550 324 1573 ‘⁸
344 1547 520 1601 venerabilia
538 1546 638 1599 fratris
657 1545 749 1600 nestri
767 1546 887 1599 'rhomae
906 1543 1126 1600 cantuariensis
1144 1544 1355 1617 archiepiscopi

306 1631 325 1656 “
344 1630 565 1693 destinavimus,
579 1629 620 1682 eia
633 1628 737 1683 dantes
755 1628 786 1682 in
805 1626 952 1683 mandatis
970 1632 1001 1682 ct
1013 1626 1138 1683 firmiter
1150 1628 1355 1699 praecipienten

306 1715 325 1740 ‘⁸
344 1712 431 1783 qued,
444 1712 502 1767 nisi
515 1712 593 1767 idem
611 1729 661 1766 rex
680 1711 717 1765 ad
735 1728 837 1783 pacem
850 1718 879 1765 et
896 1710 1082 1765 concordiem
1100 1709 1260 1766 necandum
1278 1710 1356 1783 qaod

306 1800 325 1824 ‘¹
344 1796 426 1851 nebia
460 1814 513 1868 per
538 1795 652 1851 litterae
682 1800 713 1849 et
736 1795 855 1850 nunties
881 1811 947 1849 enee
971 1793 1116 1864 promisit,
1140 1794 1178 1848 ad
1200 1794 1357 1849 commeni-

306 1878 453 1934 “tionem
479 1878 596 1933 illorum
620 1877 758 1932 inclinari
782 1876 924 1948 potuerit,
951 1880 1045 1930 totam
1069 1881 1178 1930 terram
1202 1876 1266 1948 ejus
1292 1894 1357 1948 qam

306 1964 326 1989 “
345 1962 425 2016 ultra
455 1979 534 2016 mare
559 1961 703 2025 consistit,
732 1961 812 2015 omni
843 1958 1075 2014 contradictione
1108 1964 1140 2014 et
1163 1960 1358 2031 appellatione

306 2046 326 2070 “
345 2050 466 2107 remota,
487 2044 644 2115 subjiciant
666 2042 832 2105 interdicte,
852 2048 882 2097 et
902 2042 933 2095 ia
959 2059 994 2097 ea
1015 2041 1113 2096 omnia
1132 2041 1233 2096 divina
1250 2052 1357 2113 prerter

307 2130 326 2154 “
345 2127 489 2198 baptisma
507 2128 694 2197 parvulorum
714 2132 744 2179 et
764 2124 951 2196 ponitentiae
975 2124 1164 2179 merientium
1182 2125 1356 2195 prohibeant

308 2213 326 2236 “
345 2209 437 2264 officia
448 2210 600 2265 celebrari.
638 2208 712 2263 Inde
731 2207 877 2278 siquidem
895 2215 940 2263 eat
958 2207 1035 2278 qnod
1047 2208 1236 2263 universitati
1247 2216 1355 2265 vennae

307 2297 325 2321 ‘¹
346 2312 397 2364 per
415 2293 572 2364 apostolica
590 2292 698 2363 scripte
716 2291 915 2363 praecipiendo
942 2291 1124 2353 mandamus,
1142 2297 1173 2347 et
1197 2292 1251 2347 sub
1268 2310 1356 2364 poena

307 2381 326 2404 “
345 2378 456 2432 ordinis
490 2384 520 2431 et
552 2376 639 2430 ollieii
670 2375 701 2429 in
719 2375 830 2429 virtute
858 2373 1032 2430 obedientiae
1057 2373 1139 2429 vobis
1162 2374 1355 2446 injungimus,

307 2464 325 2489 “
347 2460 509 2532 quatenus²
535 2458 770 2530 supradictorum
789 2457 1001 2529 archiepiscopi
1020 2456 1068 2513 et³
1093 2458 1222 2529 episcopi
1248 2459 1296 2513 vel
1314 2460 1356 2514 al·

306 2548 324 2571 “
344 2544 437 2598 terius
449 2560 561 2605 eorum,
583 2542 608 2596 si
621 2550 744 2611 uterque
763 2540 866 2596 adesse
884 2558 942 2595 nen
961 2542 1087 2611 poterit*
1106 2542 1154 2595 vel
1172 2541 1310 2607 noluerit,
1323 2543 1356 2597 ia

307 2630 325 2653 ‘¹
346 2627 401 2681 hac
419 2632 502 2697 parte
516 2625 700 2687 sententiam,
721 2625 836 2695 siquam
848 2624 884 2678 ab
903 2624 945 2678 eia
959 2624 1115 2695 contigerit
1132 2623 1201 2679 inde
1218 2625 1354 2696 preferri,

307 2714 326 2737 “
345 2710 454 2765 nullius
472 2710 587 2772 timere,
607 2708 710 2779 gratia,
729 2709 777 2763 vel
796 2708 992 2779 prohibitione
1011 2708 1153 2772 obstante,
1173 2726 1226 2779 per
1242 2715 1356 2765 vestran

309 2796 328 2820 “
347 2793 498 2865 parochias
517 2792 595 2847 omni
621 2791 806 2847 excusatione
825 2796 855 2845 et
879 2790 1074 2862 appellatione
1097 2798 1210 2846 remota
1232 2792 1356 2848 firmiter

309 2880 328 2905 “
348 2878 515 2940 observetis,
541 2882 573 2930 et
596 2875 632 2929 ab
656 2875 791 2929 omuibus
823 2875 947 2937 faciatis,
972 2882 1114 2944 quantum
1142 2876 1174 2929 in
1193 2876 1277 2931 vebia
1300 2882 1355 2941 est,

309 2965 328 2990 ‘⁸
348 2959 591 3030 irrefragabiliter
608 2959 767 3013 observari.
804 2958 870 3013 Dat.
885 2958 1057 3023 Beneventi,
1070 2958 1242 3015 duodecimo
1260 2960 1357 3015 kalen·

308 3048 328 3074 “
348 3045 399 3100 das
417 3044 547 3099 Martii.’'

138 3133 295 3263 maffridi
352 3130 394 3191 In
416 3128 557 3193 eundem
581 3128 647 3191 fere
669 3126 803 3191 medum
828 3126 1024 3191 Eberaeenai
1053 3126 1294 3213 archiepiscope
1323 3133 1358 3193 et

139 3266 249 3315 osrork
309 3228 525 3293 Dunelmenai
548 3227 697 3311 episeopo
721 3225 849 3290 litteras
872 3225 1001 3291 direxit.

140 3332 241 3381 andbis

140 3396 291 3461 suffragans.

140 3463 186 3525 lip.
198 3478 223 3511 v.
236 3468 260 3521 8,
452 3507 458 3521 ,
596 3505 602 3518 .
1161 3504 1167 3519 .
1216 3503 1223 3519 .

142 3529 297 3592 cenapum
313 3506 392 3592 (72.)
416 3507 550 3573 Litterae
573 3506 719 3590 proadem
740 3504 787 3570 <al
810 3505 1047 3571 Eberoeeaeeat
1072 3503 1360 3592 orelnepeeeepum

140 3594 291 3719 Quidni
570 3616 599 3675 et
621 3608 879 3673 Daaebaeaecm
901 3606 1098 3693 episcopum.

141 3726 220 3777 ΘΜ
347 3772 365 3796 ‘⁴
377 3767 549 3824 Eborecenei
585 3766 824 3838 arehiepiacepo,⁵
857 3765 1024 3836 apostolieae
1063 3766 1141 3820 aedis
1174 3765 1282 3837 legate,
1308 3764 1359 3822 ot⁶

311 3854 329 3879 ‘⁶
350 3852 541 3907 Dnnelmenai
560 3851 705 3922 episeopo,
720 3857 750 3905 et
767 3848 883 3904 dilectis
902 3850 971 3903 liliia
989 3850 1056 3903 aliia
1080 3849 1269 3904 ecelesiarum
1286 3866 1360 3922 prae·

310 3938 329 3963 “
349 3936 418 3990 latis
436 3953 489 4006 per
508 3935 722 3989 Eboraceneem
741 3932 1023 4003 archiepiscopatum
1041 3932 1218 3987 constitutis.

343 4186 351 4218 ¹
364 4185 427 4237 Thia
438 4185 460 4235 ie
471 4186 513 4236 tbc
524 4186 598 4236 letter
610 4184 692 4235 which
703 4184 725 4234 ir
732 4185 809 4250 given
894 4187 904 4216 ¹
921 4193 955 4248 at,
967 4184 997 4236 L.
1011 4187 1044 4238 G.

310 4266 345 4330 by
367 4265 456 4328 Lupus
478 4264 516 4327 (v.
535 4266 575 4325 7),
604 4264 653 4313 end
676 4264 721 4313 Dr.
740 4262 810 4314 Gilee
894 4278 1055 4337 ³vel‚12.(}.

310 4346 475 4408 (Ep'l'lrom.
494 4348 567 4406 240),
584 4358 613 4392 aa
631 4343 766 4392 adrlreased
783 4349 809 4390 te
894 4370 905 4402 ⁴
939 4373 1030 4420 mem
1050 4370 1112 4422 Μ

310 4423 353 4473 the
364 4424 505 4489 suffragans
518 4422 546 4473 el
559 4422 738 4485 Canterbury;
756 4421 811 4469 that
896 4388 948 4509 εἰ,
968 4407 1081 4511 inm-'ted
1101 4462 1123 4510 L
1146 4459 1170 4510 G

310 4503 392 4553 lethe
404 4502 561 4552 contlaeatal
573 4502 681 4565 prelatea
694 4500 772 4563 (Lup.
784 4515 809 4549 v.
951 4498 957 4521 ’
1058 4498 1089 4563 .'
1128 4497 1134 4510 ¹
1174 4496 1180 4511 ⁸

314 4586 359 4642 10;
379 4581 458 4641 ciras,
470 4584 532 4643 aer)
551 4580 628 4644 being
645 4578 751 4643 slightly
763 4576 811 4627 ns-
896 4550 906 4582 ⁶
923 4559 948 4600 ‘l
958 4550 1071 4615 ‘sufflo
1084 4551 1116 4603 G·

312 4658 399 4708 ferent.
