3316 6240
374 865 439 930 388
706 878 886 930 malcum
909 880 936 931 s.
959 879 1097 942 ruouu,
1287 865 1367 948 [ms.
1390 876 1423 926 v.

373 1074 390 1101 “
412 1065 647 1152 propitiabitur
670 1066 733 1130 tibi
755 1072 883 1151 martyr
905 1066 959 1130 die
982 1087 1073 1132 sacra
1095 1064 1303 1130 solennitatis
1327 1061 1424 1128 suae.''

371 1167 555 1253 Incipiebat
586 1166 674 1231 onim
709 1179 847 1253 quartus
881 1188 988 1232 annus
1022 1189 1042 1231 a
1073 1166 1224 1253 passione
1265 1164 1421 1250 martyris

372 1272 513 1337 Thomas.
560 1271 667 1347 Lavit,
691 1277 725 1336 et
755 1272 878 1337 factum
910 1277 961 1336 est
991 1271 1141 1336 mirabile
1164 1271 1200 1334 in
1223 1270 1325 1337 oculis
1348 1291 1422 1334 nos-

371 1375 440 1439 tris.
497 1373 586 1440 Nam
623 1374 752 1438 duobus
787 1374 840 1437 vel
875 1373 983 1438 tribus
1016 1373 1167 1459 passibus
1199 1394 1219 1438 a
1252 1373 1323 1437 loco
1357 1392 1422 1456 quo

371 1479 508 1540 steterat
544 1475 710 1561 promotio,
745 1480 905 1560 tanquam
945 1480 1079 1541 contum
1118 1480 1214 1540 conto
1251 1472 1421 1558 repulsum

370 1577 499 1663 spinam
523 1577 616 1643 videt
638 1598 659 1642 a
681 1577 818 1643 vulnere
840 1577 999 1664 prosilire.

417 1811 497 1896 (19.)
521 1809 569 1876 De
591 1810 749 1897 scamno
773 1810 869 1898 cujas
891 1811 1086 1878 emonam
1104 1809 1260 1896 fructosa
1283 1815 1362 1878 erut.

203 1977 318 2056 Anasi
417 1974 512 2039 Miles
544 1980 594 2039 ost
628 1975 800 2052 Robertus,
824 1975 1056 2042 Normannloae
1091 1975 1232 2061 regionis
1256 1974 1420 2060 indigena,

203 2043 342 2161 320⁰?ssss
371 2075 429 2141 sed
451 2081 485 2141 et
506 2075 606 2161 hujus
628 2097 728 2162 quam
750 2076 976 2143 inhabitamus
1005 2076 1123 2142 accola.
1171 2076 1236 2157 Qui
1259 2076 1288 2140 si
1309 2075 1420 2141 adhuc

203 2174 344 2293 Βξέᾞ,
370 2177 433 2242 tibi
463 2178 573 2243 minus
595 2184 694 2244 notus
717 2183 832 2244 estex
854 2178 995 2256 nomine,
1020 2201 1061 2243 ox
1085 2179 1279 2265 cognomine
1311 2182 1420 2263 potest

203 2243 359 2359 {diff
370 2279 589 2359 innotescere3
631 2279 791 2345 Silvestor
825 2280 913 2345 enim
952 2280 1175 2366 cognominari
1206 2279 1417 2366 dignoscitur.

200 2373 436 2446 brokenleg.H10
469 2402 490 2446 a
523 2403 623 2446 manu
658 2403 719 2448 sua
752 2381 879 2447 dimisit
910 2382 1109 2467 accipitrem,
1133 2381 1190 2466 qui
1212 2386 1344 2447 anatem
1367 2381 1418 2444 in-

367 2489 498 2549 secutus
522 2484 670 2569 arripuit
718 2483 800 2564 Quae
816 2505 891 2549 cum
905 2505 926 2549 a
942 2484 1039 2549 saevis
1061 2483 1230 2570 unguibus
1253 2484 1417 2548 niteretur

368 2584 461 2662 elabi,
485 2584 616 2649 flumini
639 2607 674 2651 se
696 2585 899 2672 immergens,
923 2590 1128 2670 prementem
1162 2606 1196 2649 se
1228 2584 1417 2670 submerge-

367 2686 434 2761 bat,
446 2686 648 2771 vulneraque
660 2686 812 2752 devitans
826 2685 1058 2753 vulnerantem
1070 2687 1259 2753 deducebat.
1292 2685 1417 2751 Videns

367 2808 487 2874 auceps
509 2788 588 2874 quia
610 2789 722 2873 praeda
744 2789 930 2877 predonem
953 2788 1163 2874 praedaretur,
1190 2787 1344 2855 clientem
1366 2788 1416 2853 di·

367 2888 459 2954 misit
480 2890 516 2954 in
538 2910 676 2968 amnem,
701 2890 758 2975 qui
781 2889 969 2977 accipitrem
994 2889 1106 2955 avexit
1128 2890 1231 2956 fracto
1256 2889 1414 2965 crusculo,

367 2990 455 3074 quod
487 2990 612 3078 ungula
648 2991 732 3076 equi,
767 2991 822 3058 cui
858 2991 1030 3067 insidebat,
1069 2990 1252 3057 attriverat.
1309 2990 1415 3070 Quem

367 3092 519 3158 dominus
552 3093 589 3157 in
623 3113 757 3158 caveam
780 3093 916 3158 mittens
947 3091 1087 3177 martyri
1111 3091 1246 3157 Thornae
1268 3091 1415 3168 devovit,

367 3213 496 3258 cereum
525 3193 722 3279 promittens
743 3184 933 3279 bocipitrem
956 3193 985 3257 si
1007 3213 1125 3258 sanum
1147 3192 1214 3257 sibi
1237 3213 1333 3256 suum
1365 3214 1414 3255 re-

366 3296 527 3361 stitueret.
584 3295 702 3380 Itaque
732 3294 860 3380 aliquot
889 3295 1015 3361 exactis
1060 3294 1227 3361 mensibus
1260 3299 1413 3360 sanatum

365 3397 525 3481 produxit
548 3400 582 3461 et
604 3401 781 3463 mutatum.-

689 3579 769 3665 (20.)
792 3578 841 3645 Do
863 3579 986 3647 commeo
1008 3579 1091 3647 niso.

73 3792 77 3799 ,
194 3723 352 3791 Arpinor-
410 3718 513 3783 Nisus
535 3719 625 3805 apud
647 3739 707 3784 nos
729 3719 883 3784 dimissus
905 3719 948 3785 ad
977 3721 1123 3805 praedam
1146 3719 1283 3807 aucupis
1306 3721 1413 3786 evasit

194 3790 322 3912 {¹37}sssp
363 3826 541 3908 aspectum,
575 3821 612 3885 in
645 3821 895 3906 naturalemque
927 3821 1114 3887 libertatem
1145 3828 1302 3907 receptus,
1337 3844 1413 3889 con-

364 3924 574 3990 suetudinem
597 3922 721 3988 oblitus
743 3923 899 3989 avolandi
922 3929 956 3988 et
978 3923 1156 4002 revolandi,
1180 3923 1250 3989 dies
1273 3929 1307 3989 et
1337 3945 1412 3990 noc-

362 4031 413 4092 tos
435 4026 519 4092 aeris
542 4024 647 4111 ignoti
678 4025 787 4110 spatia
817 4024 1074 4094 transmittebat.
1128 4024 1269 4090 Juvenis
1298 4031 1411 4090 autem

362 4128 456 4194 miles
493 4150 515 4193 a
560 4148 625 4213 quo
670 4127 869 4204 evolaverat,
907 4127 1018 4193 studio
1056 4132 1171 4213 captus
1216 4128 1411 4213 aucupandi,

361 4231 546 4315 timensque
579 4229 668 4314 quod
699 4228 799 4314 vulgo
831 4228 960 4306 dicitur,
999 4229 1124 4310 “Quod
1156 4234 1255 4295 autea
1287 4228 1411 4294 nullius

362 4340 379 4366 “
402 4337 482 4409 erat,
505 4330 651 4397 naturali
674 4330 802 4396 ratione
826 4331 1016 4397 conceditur
1037 4331 1240 4417 occupanti,”
1271 4330 1307 4395 in
1337 4353 1410 4419 pro-

360 4433 515 4498 missione
538 4453 639 4499 cereae
661 4431 777 4498 iconiae
800 4437 979 4518 martyrem
1009 4432 1200 4498 invocatum
1230 4432 1410 4519 propitium

360 4535 499 4612 invenit,
522 4534 755 4620 volucremque
778 4533 908 4616 recepit.

190 4654 247 4706 nne
258 4654 346 4720 object
405 4637 476 4702 Hos
510 4641 545 4701 et
574 4635 763 4722 hujusmodi
797 4640 947 4722 petentes
978 4636 1151 4703 exauditos
1182 4636 1344 4705 oredimus
1366 4634 1409 4703 ad

188 4723 313 4841 mm}
358 4738 573 4825 voluptatem,
596 4743 636 4802 ut
657 4739 701 4804 ad
723 4738 846 4803 bonum
876 4738 1024 4805 studium
1050 4760 1148 4805 suum
1178 4745 1407 4807 convertentes
