3316 6240
401 765 466 827 510
734 775 914 826 mancum
936 775 962 824 s.
985 774 1124 838 11101111,
1311 758 1389 841 [nm.
1407 772 1458 821 vr.

401 962 589 1027 “breviata
620 965 701 1025 sunt
732 961 916 1037 intervalla,
940 965 980 1025 ut
1005 959 1204 1044 aliquotiens
1238 979 1276 1024 eo
1307 958 1367 1035 bis,
1392 958 1456 1023 ali-

402 1071 418 1096 “
441 1062 592 1147 quotiens
608 1066 666 1138 ter,
683 1062 719 1125 in
734 1082 821 1126 anno
837 1062 1010 1126 laboraret.
1043 1061 1139 1140 Quod
1155 1066 1267 1124 tamen
1282 1059 1454 1145 flagellum

401 1172 418 1198 “
439 1165 489 1229 ita
504 1165 535 1229 ei
550 1164 612 1228 Dei
628 1164 794 1229 miseratio
811 1167 1053 1250 temperaverat
1069 1170 1108 1227 ut
1123 1184 1294 1248 nunquam
1309 1185 1377 1227 non
1393 1184 1456 1248 per

400 1272 418 1298 “
440 1269 552 1330 noctes
575 1268 609 1328 et
632 1265 668 1327 in
690 1264 775 1329 lecto
799 1265 1021 1349 quiescentem
1044 1286 1120 1328 eum
1151 1264 1316 1349 arriperet,
1341 1263 1392 1327 ita
1412 1268 1456 1327 ut

401 1376 418 1403 “
441 1391 484 1434 ex
520 1369 662 1455 strepitu
701 1391 799 1454 quem
836 1369 976 1455 pedibus
1008 1369 1076 1433 suis
1111 1370 1183 1453 ipsa
1205 1367 1286 1432 hora
1308 1366 1455 1433 faciebat

401 1477 418 1505 “
441 1470 577 1535 excitati
601 1471 718 1535 fratres
741 1471 784 1535 ad
808 1493 882 1535 eum
906 1476 1081 1545 currerent,
1099 1475 1133 1533 et
1156 1490 1231 1532 eum
1254 1469 1347 1553 quasi
1364 1490 1453 1532 mor-

401 1577 538 1635 “tuum
574 1571 771 1634 invenirent.
818 1570 990 1655 Tantaque
1025 1573 1096 1634 erat
1126 1569 1231 1654 ipsius
1269 1568 1374 1632 morbi
1399 1569 1453 1632 in-

402 1683 419 1709 “
441 1673 622 1747 elementia,
646 1679 685 1736 ut
719 1694 778 1757 per
808 1694 948 1756 sequens
981 1673 1121 1737 biduum
1153 1678 1229 1755 post
1251 1672 1322 1756 ejus
1344 1692 1454 1737 acces·

400 1782 418 1810 “
441 1775 565 1839 sionem
588 1774 637 1837 ita
658 1773 807 1839 omnium
829 1774 1049 1838 membrorum
1065 1794 1199 1837 suorum
1216 1772 1456 1836 destitueretur

401 1885 419 1913 “
441 1876 546 1942 officio
560 1882 600 1940 ut
615 1877 674 1940 vix
689 1897 724 1940 se
740 1876 878 1960 pedibus
901 1876 970 1939 suis
991 1875 1062 1941 loeo
1085 1897 1224 1951 movero,
1248 1875 1308 1938 vix
1330 1896 1452 1939 manus

403 1986 517 2041 “suas
554 1978 597 2042 ad
635 2000 670 2041 os
708 1979 826 2053 levare,
864 1977 1067 2061 praevaleret,
1102 1980 1136 2040 et
1173 1976 1201 2038 si
1239 1976 1326 2040 infra
1364 1975 1453 2040 illud

402 2078 580 2141 “biduum
602 2085 700 2163 gutta
722 2100 816 2163 aquae
848 2079 976 2164 frigidm
1010 2078 1163 2141 manibus
1186 2078 1254 2141 suis
1277 2077 1455 2162 attigisset,

401 2186 419 2213 “
442 2178 603 2243 indicibili
626 2180 795 2244 anxietate
827 2200 930 2264 usque
962 2179 1005 2243 ad
1039 2200 1093 2243 cor
1115 2178 1186 2263 ejus
1210 2178 1397 2263 pertingere
1420 2176 1455 2240 ei

403 2287 420 2312 “
443 2278 625 2343 videbatur.

448 2386 464 2414 “
488 2381 639 2447 Evolutis
662 2382 766 2467 igitur
788 2381 824 2445 in
847 2381 910 2446 hae
942 2381 1145 2457 infirmitate,
1171 2386 1211 2444 ut
1232 2381 1304 2466 jam
1327 2400 1455 2445 memo·

402 2486 420 2515 “
442 2483 597 2559 ravimus,
634 2482 759 2566 viginti
797 2481 902 2557 annia,
943 2502 1017 2547 cum
1062 2481 1133 2566 jam
1170 2481 1273 2545 solam
1311 2486 1455 2545 mortem

234 2591 388 2643 A.D.11r1.
402 2589 419 2620 “
441 2585 649 2670 aegritudinis
664 2606 734 2649 suae
749 2583 931 2648 remedium
954 2589 1168 2669 exspectaret,
1191 2584 1227 2646 in
1250 2582 1308 2648 illo
1332 2583 1455 2648 Pente·

404 2694 420 2722 “
444 2685 576 2752 costenl
600 2688 688 2771 quod
710 2688 896 2773 passionem
923 2687 1012 2751 beati
1036 2686 1171 2751 Tlromae
1205 2687 1361 2771 martyris
1385 2685 1456 2772 pri-

404 2795 534 2850 “mum
565 2793 713 2852 secutum
752 2792 810 2864 est,
860 2785 1075 2852 Cantuariam
1121 2787 1307 2851 orationum
1353 2808 1456 2852 eausa

235 2901 299 2963 (see
309 2917 334 2966 p.
403 2898 420 2924 “
442 2889 547 2975 petiit.
594 2889 711 2974 Ibique
749 2889 843 2953 bonae
882 2889 1047 2953 memorien
1086 2888 1220 2952 Thomee
1253 2889 1294 2952 de
1327 2888 1456 2953 Meide-

235 2968 309 3032 ⁵⁰⁹')
404 3000 420 3027 “
442 2998 543 3069 stane,
567 2992 790 3058 commonachi
824 2988 935 3067 vestri,
968 3013 1047 3055 usus
1081 2991 1250 3075 colloquia,
1275 2990 1353 3075 quia
1375 3012 1455 3055 eum

404 3094 636 3159 “familiarem
659 3095 748 3158 beati
771 3094 905 3158 Thomae
928 3093 1028 3158 firisse
1051 3093 1219 3170 didicerat,
1247 3092 1455 3157 orationibus

403 3195 513 3280 “ejus
536 3217 571 3259 se
593 3194 763 3270 commisit,
787 3199 821 3259 et
843 3198 883 3258 ut
904 3193 975 3258 Deo
1010 3199 1044 3257 et
1073 3194 1171 3257 beato
1205 3189 1369 3278 martyri²
1392 3213 1454 3278 pro

403 3303 420 3329 “
442 3295 548 3359 salute
580 3295 651 3379 ejus
682 3294 890 3380 supplicaret,
925 3294 1044 3358 devote
1076 3294 1283 3379 supplicavit.
1345 3291 1452 3378 Cujus

404 3403 420 3430 “
443 3395 646 3460 orationibus
669 3400 703 3459 et
725 3394 831 3459 sancti
853 3394 1010 3477 martyris
1034 3395 1160 3458 meritis
1184 3399 1253 3458 tam
1277 3400 1399 3458 certam
1414 3417 1450 3460 se

403 3504 420 3531 “
442 3496 566 3582 gaudet
588 3497 744 3580 recepisse
767 3496 953 3572 sanitatem,
977 3501 1016 3560 ut
1039 3518 1082 3560 ex
1105 3502 1185 3562 tune
1218 3519 1320 3581 usque
1352 3497 1452 3563 modo

403 3605 420 3633 “
441 3600 483 3661 nd
515 3596 648 3679 aliquod
682 3596 815 3680 quidem
847 3596 978 3681 signum
1012 3601 1072 3661 aut
1103 3598 1281 3683 vestigium
1304 3598 1453 3683 praefatae

403 3708 420 3733 “
443 3698 643 3765 valetudinis
665 3699 701 3761 in
725 3720 758 3763 se
780 3698 972 3762 remansisse
996 3701 1198 3784 persenserit.
1246 3700 1353 3779 Quam
1376 3721 1453 3765 nos·

403 3810 420 3837 “
443 3806 528 3865 tram
551 3800 704 3864 letitiam
726 3800 821 3864 vobis
843 3801 1082 3866 communicare
1104 3802 1260 3877 volentes
1284 3802 1327 3866 ad
1349 3801 1453 3867 hono-

403 3911 512 3967 “rem
535 3901 599 3965 Dei
631 3902 788 3986 martyris
820 3902 871 3964 sui
894 3901 1032 3986 glo1iam
1055 3902 1107 3966 his
1130 3902 1251 3966 litteris
1274 3903 1452 3989 diligenter

407 4014 422 4040 “
445 4004 539 4068 vobis
574 4003 742 4066 insinuare
773 4003 969 4068 curavimus
1016 4004 1134 4069 Valeat
1157 4005 1192 4067 in
1216 4011 1376 4070 aeternum
1400 4007 1452 4070 di-

405 4116 421 4140 “
445 4106 530 4169 lecta
551 4103 646 4167 nobis
668 4103 857 4168 fraternitas
881 4104 1018 4169 vestra.’'

895 4437 902 4505 Ι
947 4438 958 4470 ²
975 4438 1085 4488 Written
1096 4439 1121 4487 in
1133 4438 1231 4503 margin
1244 4439 1272 4488 of
1280 4440 1336 4491 MS.
