3316 6240
381 704 446 773 272
715 721 894 770 nnucuna
918 721 942 768 a.
966 720 1105 777 raons,
1286 707 1363 787 [ura
1382 723 1430 771 nr.

379 913 413 972 et
435 906 720 979 vitalesrecessus
743 907 959 992 inquietabat
1004 907 1093 972 Nam
1109 928 1184 972 cum
1200 928 1234 973 se
1257 908 1300 972 ad
1324 908 1431 993 quies-

379 1007 519 1074 cendum
556 1007 736 1083 collocaret,
768 1006 892 1071 eluvies
930 1007 988 1072 illa
1025 1029 1083 1092 per
1113 1008 1269 1092 supinata
1306 1007 1432 1073 viscera

379 1106 531 1173 diffluens
553 1107 597 1173 ad
619 1108 738 1173 animae
761 1107 944 1192 penetralia
965 1108 1183 1194 restagnabat.
1234 1108 1279 1171 Et
1308 1108 1432 1173 factum

379 1214 430 1274 est
467 1215 508 1275 ut
539 1209 632 1293 quies
668 1208 781 1273 ablata
819 1230 967 1294 soporem
990 1209 1129 1285 tolleret,
1167 1230 1263 1295 sopor
1300 1210 1432 1275 ablatus

378 1311 562 1375 insomnem
577 1314 775 1386 attenuaret,
792 1311 978 1376 attenuatio
993 1310 1151 1376 viciniam
1166 1312 1282 1376 mortis
1297 1313 1431 1377 nuntia·

378 1418 436 1477 ret
496 1411 561 1477 Die
599 1416 711 1476 autem
749 1411 838 1476 vicos
876 1432 951 1476 suos
988 1418 1115 1498 agente,
1147 1412 1173 1475 si
1214 1413 1294 1498 quid
1324 1414 1431 1498 operis

379 1519 551 1590 exerceret,
573 1514 628 1578 vel
651 1514 811 1590 incedens,
835 1514 894 1579 ilia
915 1536 983 1577 non
1005 1515 1249 1601 constringebat
1271 1536 1361 1592 zona,
1376 1515 1430 1580 vel

378 1615 522 1680 multum
537 1615 622 1691 laxa,
639 1622 674 1680 et
688 1636 789 1680 manu
805 1636 933 1700 semper
947 1615 1150 1701 interposita.
1190 1616 1245 1681 Sic
1259 1617 1430 1681 decursum

379 1724 430 1781 est
467 1718 497 1782 ei
529 1717 708 1782 biennium.
756 1717 850 1801 Saepe
884 1716 1002 1781 melius
1035 1716 1155 1781 habuit
1192 1739 1250 1802 per
1287 1718 1364 1794 (lies,
1396 1724 1431 1781 et

378 1816 557 1882 alleviabat
590 1837 662 1882 eam
686 1816 830 1882 vicissim
862 1817 1047 1892 infirmitas,
1070 1818 1128 1881 sed
1158 1838 1226 1882 non
1259 1819 1431 1884 recedebat

378 1922 418 1982 ut
439 1917 572 2002 penitus
603 1917 798 1994 abscederet,
822 1939 882 1982 nec
915 1917 962 1982 sic
992 1918 1180 1983 recurrebat
1210 1923 1250 1982 ut
1280 1920 1431 1984 funditus

379 2020 573 2085 absorberet.
619 2019 751 2085 Accidit
784 2024 897 2084 autem
925 2023 965 2083 ut
986 2019 1130 2104 hospitio
1160 2020 1318 2104 juvenem
1340 2044 1430 2107 pere-

378 2123 511 2208 grinum
549 2122 736 2207 susciperet,
772 2144 792 2187 a
830 2144 895 2207 quo
933 2129 968 2186 et
1004 2122 1147 2207 suscepit
1184 2145 1303 2208 aquam
1342 2125 1431 2191 beati

379 2222 521 2289 Thomae.
569 2222 677 2301 Quam
700 2244 774 2287 cum
805 2227 960 2307 potasset,
983 2227 1018 2287 et
1039 2222 1175 2288 lavisset
1200 2225 1298 2289 etiam
1323 2225 1432 2290 oculos

379 2323 457 2388 filiae
479 2345 557 2399 suae,
580 2344 663 2408 quos
699 2322 847 2388 infirmos
878 2322 1048 2399 habuerat,
1071 2325 1179 2409 majus
1211 2347 1269 2410 per
1291 2326 1430 2390 biduum

379 2447 484 2512 passae
509 2436 589 2490 sunt
610 2426 716 2491 ambre
739 2447 918 2511 gravamen
941 2431 976 2490 et
991 2425 1111 2491 doloris
1134 2428 1344 2513 angustiam
1373 2430 1429 2494 scd

378 2532 497 2592 neutra
540 2532 614 2612 post
644 2526 784 2590 biduum
814 2526 868 2590 vel
899 2526 1070 2591 minimam
1103 2528 1207 2592 sensit
1238 2527 1429 2595 molestiam.

380 2630 491 2716 Digna
521 2630 785 2715 recompensatio,
808 2636 848 2693 ut
880 2651 954 2714 quae
985 2631 1207 2716 peregrinanti
1230 2633 1430 2717 compatiens

380 2731 505 2796 viscera
526 2730 755 2795 misericordiae
778 2729 941 2807 dilatarat,
957 2731 1208 2796 misericorditer
1231 2732 1428 2809 visitaretur,

379 2839 414 2897 et
436 2853 510 2917 quae
543 2831 750 2917 impenderat
781 2831 1022 2897 humanitatem
1053 2831 1215 2917 acciperet
1245 2834 1428 2899 sanitatem.

380 2932 566 2999 Intervenit
588 2934 707 2998 caritas
722 2954 796 3018 quac
819 2932 924 2997 nescit
946 2932 1126 2997 immunem
1142 2933 1308 2999 dimittere
1331 2934 1430 3021 largi-

379 3041 497 3113 entem,
536 3033 630 3119 cujus
669 3034 788 3099 merito
825 3032 951 3110 mulier,
984 3034 1062 3097 dum
1102 3055 1222 3097 munus
1260 3035 1429 3121 impertiit,

378 3160 500 3201 munus
530 3136 663 3221 accepit.
709 3135 799 3200 Nam
832 3136 889 3220 qui
912 3140 1024 3200 manet
1056 3136 1092 3199 in
1125 3136 1268 3211 caritate,
1300 3137 1336 3200 in
1358 3136 1428 3202 Deo

378 3246 499 3317 manet,
522 3246 557 3304 et
578 3238 669 3303 Deus
691 3240 727 3302 in
750 3260 795 3303 eo.
843 3237 933 3318 Quid
955 3238 1076 3302 mirum
1100 3239 1211 3325 igitur,
1235 3240 1264 3303 si.
1287 3239 1428 3305 salutem

379 3341 590 3426 consequitur
612 3340 647 3403 in
670 3339 786 3405 salutis
801 3339 952 3415 Auctore,
968 3340 1005 3404 in
1028 3362 1093 3426 quo
1108 3346 1244 3405 manet?
1261 3341 1358 3407 [Hanc
1379 3349 1427 3406 et-

379 3442 468 3507 enim
501 3442 642 3527 respicit,
680 3442 766 3507 hanc
798 3446 993 3517 remunerat,
1032 3440 1117 3507 hanc
1150 3442 1303 3507 attendit.
1350 3442 1428 3508 Sine

379 3543 518 3609 caritate
551 3542 636 3607 nihil
667 3549 718 3607 est
756 3541 936 3627 prophetia,
959 3542 1085 3606 nullius
1115 3543 1226 3608 meriti
1257 3543 1338 3609 fides
1369 3551 1429 3609 aut

378 3643 524 3708 scientia.
571 3642 649 3707 Sine
672 3642 810 3708 caritate
833 3664 900 3708 non
923 3643 1059 3727 expedit
1090 3642 1285 3709 facultatum
1318 3645 1428 3709 distri-

379 3744 479 3821 butio,
503 3765 570 3809 non
592 3743 725 3829 prodest
747 3743 889 3828 corporis
915 3743 1160 3828 quantumlibet
1181 3746 1292 3829 gravis
1314 3766 1428 3810 excru-

377 3846 495 3925 ciatio;
526 3845 689 3930 quidlibet
711 3845 823 3930 egeris,
847 3843 982 3930 perinde
1015 3849 1066 3909 est
1087 3866 1125 3910 ac
1148 3846 1175 3908 si
1199 3843 1282 3907 nihil
1305 3846 1428 3921 feceris,

378 3949 442 4011 nisi
466 3969 548 4033 opus
570 3955 666 4012 tuum
689 3948 827 4014 caritate
849 3947 1017 4014 condieris.

459 4186 539 4269 (14.)
563 4184 611 4250 De
633 4183 776 4250 muliero
798 4183 896 4268 cajus
913 4184 1067 4269 fractura
1089 4187 1161 4249 ero-t
1184 4180 1366 4268 brachium.

209 4352 345 4405 Abroken
423 4343 553 4410 Occidit
583 4342 626 4407 ab
658 4362 741 4426 equo
774 4340 827 4405 cui
866 4341 1031 4429 insederat
1061 4345 1214 4405 matrona
1235 4338 1361 4416 Aricia
1394 4345 1428 4405 et

210 4434 308 4535 ὥ
378 4448 518 4512 fractum
552 4451 603 4509 est
625 4443 795 4509 brachium
829 4442 908 4527 ejus.
955 4442 1045 4521 Quae,
1069 4442 1105 4505 in
1136 4441 1288 4506 manibus
1320 4441 1429 4505 levata

379 4548 577 4633 domumque
623 4567 717 4612 suam
763 4545 901 4620 invecta,
940 4565 1000 4628 pro
1044 4543 1219 4610 nobilitate
1264 4563 1428 4630 generosae
