3316 6240
419 725 484 789 544
752 737 932 789 maneum
954 739 979 788 s.
1003 738 1141 801 rnoun,
1322 727 1399 810 [nra.
1418 743 1465 790 11.

355 938 358 945 ’
416 928 572 1007 mitteret,
596 928 654 1013 qui
677 947 752 994 suas
774 932 1025 1013 persequeretur
1046 926 1192 1010 injurias.
1250 927 1338 993 Nam
1361 932 1466 994 tantae

245 2070 272 2122 A
283 2069 367 2121 vision

244 2137 381 2188 1011111011-

245 2203 291 2268 ing
302 2203 354 2253 this

245 2277 374 2337 conquest.

414 1029 546 1095 fuerant
568 1035 608 1095 ut
629 1030 853 1116 perseeutione
876 1030 985 1115 dignae
1008 1028 1207 1094 viderentur.

462 1133 591 1199 Placuit
614 1132 795 1199 consilium.
843 1132 1101 1216 Missus'itaque
1118 1132 1270 1197 Canutus
1292 1152 1367 1196 eum
1384 1131 1466 1195 viris

414 1237 558 1301 strenuis
581 1240 615 1300 et
636 1236 877 1321 archiepiscopo
900 1235 1066 1319 predicto,
1095 1234 1130 1298 in
1153 1233 1304 1299 ducentis
1326 1234 1466 1300 'circiter

413 1340 556 1404 navibus
587 1344 708 1404 terram
738 1338 930 1424 praedonum
961 1337 1159 1423 improvisus
1186 1336 1313 1421 irrupit,
1338 1343 1373 1401 et
1394 1358 1463 1403 cas-

414 1448 503 1506 trum
527 1443 618 1518 illud,
653 1464 718 1526 quo
752 1463 786 1505 se
809 1440 978 1525 praedones
1012 1444 1046 1504 et
1069 1440 1214 1525 predam
1244 1439 1461 1516 contulerant,

414 1544 538 1609 invasit
561 1549 595 1609 et
616 1544 711 1629 oepit,
734 1544 940 1628 acceptisque
956 1542 1125 1608 obsidibus
1140 1543 1204 1606 sibi
1226 1548 1347 1607 temam
1370 1543 1463 1608 illam

415 1645 624 1710 tributariam
647 1645 732 1710 feeit.
795 1644 850 1710 Sic
872 1644 996 1710 sactum
1019 1650 1070 1708 est
1094 1649 1132 1708 ut
1154 1643 1366 1728 privarentur
1387 1667 1462 1730 pro-

414 1747 494 1832 priis
527 1747 584 1833 qui
616 1747 851 1832 praedabantur
890 1746 1005 1821 aliena,
1039 1752 1074 1811 et
1111 1768 1250 1833 magnus
1287 1746 1464 1812 haberetur

413 1856 541 1936 martyr
574 1849 716 1915 Thomas
750 1850 786 1912 in
809 1848 920 1926 Daeia,
944 1850 997 1914 eui
1021 1871 1087 1914 non
1121 1850 1218 1915 modo
1249 1871 1310 1917 sua
1340 1851 1463 1917 damna

412 1954 554 2031 resarsit,
570 1954 628 2019 sed
650 1958 685 2018 et
707 1952 954 2017 Winlandiam1
977 1951 1123 2037 subjecit.

458 2056 554 2138 Quod
589 2055 694 2143 pridie
728 2076 827 2140 quam
859 2055 952 2119 fieret
986 2059 1153 2119 ostensum
1188 2059 1244 2119 est.
1308 2056 1462 2141 Namque

412 2160 493 2226 dum
515 2164 719 2246 pretaxatus
741 2159 864 2244 regine
879 2158 1019 2222 nuntius
1042 2162 1150 2223 oraret
1172 2157 1208 2221 in
1224 2159 1348 2244 eapella
1371 2160 1460 2224 beati

411 2254 553 2340 Th'omoe,
578 2282 675 2347 quem
693 2260 768 2347 jugi
792 2281 886 2345 preco
916 2281 1014 2345 super
1043 2259 1237 2325 liberatione
1260 2282 1320 2326 sua
1342 2261 1461 2326 solliei-

411 2365 513 2441 tabat,
545 2364 581 2427 in
611 2384 762 2428 somnum
793 2361 905 2447 lapsus
931 2361 1019 2426 vidit
1049 2362 1329 2449 arehiepiscopum
1361 2385 1459 2428 suum

411 2466 619 2531 Lundensem
643 2465 711 2530 illie
740 2464 912 2550 applieare,
937 2464 1111 2529 dueentem
1134 2466 1332 2532 monachum
1357 2489 1460 2553 quen-

409 2569 486 2634 dam
516 2568 600 2633 albis
630 2573 665 2632 et
694 2567 850 2632 sandaliis
881 2568 1100 2652 conspicuum,
1124 2574 1283 2653 tanquam
1306 2570 1460 2637 vulnera-

410 2676 483 2735 tum
512 2677 547 2737 et
573 2674 790 2747 cruentatum,
814 2670 871 2734 sed
902 2670 1088 2736 diademate
1118 2670 1225 2737 Daehi
1248 2673 1333 2759 regis
1355 2673 1458 2759 insig-

409 2773 526 2838 nitum.
590 2772 754 2851 Quicum
784 2772 916 2837 timeret
939 2794 980 2837 ne
1003 2779 1038 2838 et
1068 2774 1137 2858 ipse
1167 2778 1336 2840 teneretur
1358 2782 1393 2840 et
1423 2777 1460 2840 in

409 2874 543 2942 vincula
572 2875 793 2960 conjiceretur,
818 2875 1098 2961 interrogaretque
1129 2896 1230 2960 quare
1260 2878 1396 2955 veniret,
1426 2884 1460 2944 et

409 2979 484 3063 quis
518 2982 603 3042 esset
625 2999 722 3064 quem
753 2984 874 3043 terram
906 2978 1059 3043 hostilem
1089 2979 1266 3056 induceret,
1289 2983 1461 3067 respondit

409 3079 472 3144 sibi
488 3079 672 3145 timendum
694 3100 761 3145 non
784 3102 861 3158 esse,
877 3101 915 3145 eo
938 3081 1061 3165 quoda
1083 3081 1179 3147 beato
1202 3081 1335 3162 Thema,
1359 3106 1459 3169 quem

409 3184 557 3261 ducebat,
574 3188 806 3271 protegeretur,
823 3183 880 3248 sed
903 3184 1013 3269 potius
1036 3184 1270 3249 exsultandum
1289 3187 1377 3272 quod
1399 3211 1459 3274 per

409 3308 483 3351 eum
500 3287 589 3373 regio
605 3287 663 3352 illa
684 3286 784 3353 Dacis
799 3286 1003 3371 subjicienda
1019 3292 1109 3352 esset.
1152 3287 1323 3373 Evigilans
1345 3294 1459 3356 autem

309 3452 314 3460 ,
408 3394 540 3474 postera
562 3389 615 3453 die
638 3388 726 3454 vidit
749 3395 783 3453 et
813 3388 848 3452 in
881 3410 915 3452 re
943 3388 1044 3473 juxta
1074 3389 1162 3474 quod
1193 3382 1392 3477 previderat
1422 3392 1457 3455 in

240 4199 343 4266 Sweyn,
355 4217 371 4253 a

240 4284 321 4317 eonon
333 4269 362 4318 of

238 4334 322 4393 Lund,
333 4335 355 4385 in

408 3492 542 3557 visione.
589 3491 677 3557 Nam
693 3489 822 3556 Ι)1111112
843 3491 1092 3577 applicantibus,
1111 3493 1213 3579 justa
1234 3495 1322 3579 quod
1344 3516 1457 3560 narra-

408 3596 481 3659 tum
504 3598 562 3670 est,
585 3593 709 3658 factum
732 3598 789 3658 est.

411 3834 513 3923 (167.)
538 3836 586 3901 De
609 3835 770 3901 ecrrrooire
801 3834 1364 3925 11111111ιεί11111111113111111111110,
1387 3840 1458 3925 qui,

494 3947 674 4027 postquarie
688 3938 775 4005 verit
797 3937 894 4003 odire
918 3939 1118 4006 aremoricae
1132 3949 1222 4007 1111111
1225 3941 1297 4029 pris
1317 3941 1456 4023 llrorne,

495 4040 673 4107 coaestuet.

452 4182 690 4274 [S]uenonem³
723 4185 905 4249 Lunrlensis
936 4187 1078 4253 ecelesire
1101 4190 1292 4255 canonicum
1323 4191 1457 4255 morlms

404 4292 549 4357 vexabat
579 4289 744 4366 arbetione,
772 4311 869 4373 quem
901 4310 974 4355 eum
1006 4312 1064 4375 per
1096 4293 1321 4358 extremitates
1353 4317 1456 4358 mem-

439 4492 445 4522 ¹
470 4488 631 4547 ll'iluudr'um,
643 4488 699 4537 MS.
938 4488 1024 4535 'letter
1043 4489 1073 4535 os
1089 4489 1140 4537 this
1155 4493 1222 4539 word
1235 4490 1255 4539 is
1274 4490 1393 4555 missing;
1412 4493 1456 4542 the

436 4570 447 4602 ²
464 4568 499 4620 So
510 4569 553 4618 the
565 4567 622 4618 MS.
635 4568 703 4617 herr.
951 4568 1044 4615 second
1064 4568 1085 4616 is
1104 4586 1130 4629 11,
1142 4571 1246 4621 marked
1265 4572 1300 4635 by
1311 4572 1368 4621 dots
1387 4587 1415 4620 as
1434 4570 1457 4619 ii

436 4647 495 4697 ³In
523 4648 578 4699 MS.
620 4645 733 4697 Winton.
767 4645 810 4695 the
850 4644 903 4694 first
948 4643 989 4694 sor
1000 4645 1126 4697 omission.
