3316 6240
438 773 503 837 462
772 784 952 833 umncurn
973 784 1002 833 s.
1024 783 1163 845 ruoun
1347 769 1493 853 [mnvn

439 981 456 1005 “
478 971 684 1037 incommodo
706 978 820 1056 aptato
836 972 1011 1036 cohiberet.
1070 971 1166 1050 Quod
1181 992 1256 1037 cum
1272 973 1412 1057 triginta
1426 973 1490 1037 cir·

439 1074 560 1139 “citer
585 1094 689 1138 annos
719 1078 840 1159 egeret,
863 1074 1037 1159 ipsumque
1070 1073 1264 1139 cinctorium
1296 1095 1363 1138 non
1384 1073 1492 1139 modi·

438 1185 456 1211 “
478 1197 550 1242 ccm
573 1176 604 1241 ei
626 1175 810 1240 molestiam
840 1175 911 1240 sive
941 1175 1216 1260 impedimentum
1245 1175 1385 1252 alienet,
1408 1175 1493 1260 quin

440 1286 457 1312 “
478 1279 579 1343 etiam
613 1284 648 1342 et
679 1278 748 1343 euti
780 1283 815 1342 et
848 1277 938 1342 comi
975 1298 1111 1363 gravem
1143 1277 1309 1342 laesionem
1348 1277 1491 1354 afferret,

440 1381 756 1449 “crebrescentibus
779 1381 946 1446 miraculis
975 1402 1050 1465 quae
1072 1403 1132 1467 per
1153 1382 1331 1468 gloriosum
1363 1388 1491 1467 putrem

440 1493 457 1519 “
480 1489 515 1549 et
552 1484 724 1569 presulem
755 1488 903 1548 vestrum
936 1482 1096 1548 Thomam
1134 1490 1290 1569 operatur
1313 1483 1378 1563 Qui
1410 1483 1493 1549 facit

440 1595 457 1619 “
479 1585 644 1651 mirabilia
673 1584 769 1660 solus,
792 1604 970 1649 conversus
999 1583 1042 1647 ed
1074 1583 1255 1648 Dominum
1282 1585 1381 1649 etad
1404 1606 1491 1670 saepe

441 1696 457 1721 ‘⁸
480 1687 655 1752 dicendum
678 1692 859 1770 martyrem
882 1685 954 1770 ejus
977 1685 1143 1770 supplicet
1164 1692 1347 1772 opportune
1370 1687 1492 1772 impor-

441 1798 457 1824 “
479 1795 563 1855 tunc
585 1795 625 1853 ut
646 1788 777 1853 diutino
807 1787 913 1852 dolori
947 1787 1128 1851 remedium
1159 1787 1377 1874 indulgerent.
1434 1789 1491 1852 In-

441 1898 458 1926 “
479 1892 610 1957 terdum
647 1891 747 1956 etiam
785 1889 880 1974 qussi
918 1910 1126 1954 murmurans
1164 1891 1362 1956 causabatur
1402 1891 1492 1975 quod

441 1993 642 2058 “Dominus
673 2014 732 2079 per
762 1991 897 2057 beatum
935 1997 1116 2076 martyrem
1148 2013 1245 2056 suum
1283 1992 1404 2058 multos
1442 2015 1493 2059 sa·

442 2104 458 2131 ‘⁴
480 2103 576 2161 neret
606 2095 663 2181 qui
695 2094 726 2160 ei
760 2101 830 2159 tum
862 2093 1025 2159 laborioso
1055 2093 1220 2160 famulatu
1256 2116 1324 2160 non
1361 2095 1493 2161 fuerent

442 2204 459 2232 “
481 2197 636 2264 obsecuti.

486 2308 503 2335 “
518 2299 669 2381 Quadam
692 2298 833 2382 denique
863 2302 966 2374 noete,
990 2318 1093 2381 quum
1116 2297 1265 2382 deposito
1287 2319 1370 2364 zona
1392 2318 1492 2384 quam

442 2411 459 2436 “
482 2402 696 2487 praediximus
718 2399 865 2465 membra
887 2399 995 2485 sopori
1027 2399 1178 2475 dedisset,
1203 2399 1357 2466 invocato
1380 2406 1492 2466 tamen

440 2514 460 2541 “
482 2506 573 2591 prius
595 2527 638 2569 ex
663 2504 783 2568 intimo
812 2503 918 2568 cordis
948 2502 1069 2568 effectu
1099 2502 1178 2579 Deo,
1202 2503 1371 2588 ipsiusque
1393 2525 1492 2589 gene·

443 2609 563 2674 “trice
586 2608 684 2672 beate
714 2606 827 2682 Maria,
851 2611 885 2670 et
915 2604 1053 2669 mirifico
1084 2610 1229 2690 martyre
1255 2604 1389 2683 Thoms
1412 2627 1493 2671 eon·

444 2708 562 2795 “tigit
594 2713 642 2784 ut,
674 2705 885 2793 surgentibus
916 2706 1042 2771 caeteris
1079 2706 1123 2771 ad
1160 2706 1292 2792 rigilias
1325 2706 1493 2784 fretribus,

443 2817 460 2845 “
482 2809 554 2894 ipso
576 2830 690 2874 somno
712 2808 882 2893 depressus
904 2812 1088 2872 remuneret
1110 2806 1146 2870 in
1168 2807 1297 2873 lectulo.
1345 2807 1411 2889 Qui
1434 2830 1492 2873 ex·

444 2920 460 2946 “
482 2911 694 2997 pergeseetus‚
719 2914 753 2974 et
783 2909 876 2994 quasi
899 2929 920 2973 e
942 2908 1092 2993 quodem,
1115 2908 1282 2974 nesciebat
1305 2930 1380 2994 quo,
1404 2910 1492 2975 exei-

443 3020 461 3048 “
483 3018 581 3089 tutus,
604 3010 752 3077 advertit
775 3010 892 3074 fratres
923 3009 959 3072 in
981 3010 1161 3074 oratorium
1184 3009 1345 3075 introisse.
1391 3010 1492 3077 Acce-

443 3123 460 3151 “
483 3115 654 3200 terensque
677 3112 790 3177 relicto
820 3132 888 3196 pres
918 3109 1128 3175 festmatione
1151 3111 1282 3197 cingulo
1312 3113 1492 3177 oratorium

444 3228 460 3254 “
483 3218 675 3305 ingreditur,
698 3214 850 3301 appositu
872 3219 1013 3298 utruque
1043 3234 1145 3277 manu
1167 3213 1210 3279 ed
1241 3214 1313 3281 loca
1334 3221 1490 3301 ruptmre,

444 3331 461 3359 “
483 3344 525 3387 ne
547 3322 673 3387 viscera
694 3340 783 3384 more
806 3317 902 3383 solito
925 3316 1107 3382 defluerent
1129 3317 1276 3383 interius.
1322 3319 1401 3384 Post
1422 3341 1492 3385 mo-

444 3424 594 3489 “dicum
631 3442 709 3487 vero
755 3420 907 3505 exigente
952 3418 1145 3484 necessitate
1182 3420 1319 3484 alteram
1356 3441 1491 3486 manum

445 3534 462 3561 “
483 3524 617 3602 amovit,
641 3523 699 3587 sed
720 3521 806 3586 nihil
832 3521 1031 3586 incommodi
1060 3521 1180 3586 exinde
1202 3521 1357 3608 subsequi
1380 3523 1492 3588 obstu-

445 3638 462 3663 “
483 3627 566 3714 pult.
613 3625 702 3706 Quid
723 3623 853 3688 multat
898 3622 995 3688 Diem
1018 3622 1110 3688 illam
1125 3623 1304 3689 discinctus
1319 3625 1380 3688 sub
1400 3629 1491 3689 veste

444 3740 462 3766 “
484 3737 519 3796 et
541 3727 742 3816 pedetentim
763 3725 916 3792 incedens
931 3725 1111 3810 transegit;
1133 3726 1283 3811 sequenti
1307 3726 1491 3792 fiducialius

445 3842 462 3868 “
484 3838 518 3897 et
540 3831 657 3896 fortius
687 3828 790 3914 figens
824 3826 950 3912 pedem,
974 3825 1172 3890 desiderium
1204 3826 1358 3911 pauperis
1389 3847 1490 3892 exuu-

445 3943 462 3970 “
484 3934 593 3998 ditum
616 3936 698 3996 etse
721 3929 816 4015 plene
831 3927 1092 4012 redintegratum
1108 3927 1242 4012 gavisus
1264 3934 1322 3993 est.
1366 3927 1493 4009 Quinte

445 4045 461 4073 ⁴‘
484 4057 562 4102 vero
584 4031 752 4118 cingulum
775 4028 980 4093 infirmitatis
1010 4050 1077 4093 sure
1108 4028 1202 4092 fratri
1225 4029 1362 4094 coriario
1384 4029 1492 4094 reddi-

445 4149 462 4175 “
484 4138 544 4216 dit,
578 4136 690 4202 dicens
719 4155 753 4198 se
784 4132 894 4217 gretie
926 4130 990 4195 Dei
1021 4136 1055 4195 et
1084 4130 1174 4195 beuti
1206 4131 1340 4196 Thomae
1374 4151 1492 4196 senum

444 4252 461 4278 “
484 4243 608 4308 fectum
622 4258 682 4304 nee
703 4235 762 4300 illo
783 4255 844 4301 nec
866 4234 969 4299 altero
984 4232 1126 4317 amplius
1148 4232 1303 4318 indigere.
1350 4233 1493 4298 Evoluto

445 4356 461 4381 “
484 4351 596 4412 nutem
626 4342 767 4406 duarum
796 4335 1076 4401 hebdomadarum
1110 4333 1238 4412 circulo,
1261 4335 1492 4401 confirmatum

445 4458 461 4484 “
484 4447 628 4513 sentiens
643 4441 731 4528 quod
746 4441 783 4504 in
797 4438 855 4503 illo
870 4441 1023 4524 operatus
1039 4441 1089 4501 est
1103 4435 1266 4502 Dominus
1284 4442 1319 4502 et
1341 4436 1494 4502 Christus

444 4560 461 4586 ⁴¹
483 4550 562 4633 ejus,
586 4545 701 4610 seriem
732 4541 834 4607 totius
857 4539 903 4604 rei
933 4538 1029 4603 nobis
1062 4538 1215 4624 exposuit
1246 4538 1288 4602 sd
1322 4538 1493 4623 liquidum.

444 4664 460 4690 “
484 4653 555 4718 Nos
577 4650 680 4738 igitur
702 4647 768 4713 iste
789 4649 908 4711 vestrae
938 4642 1109 4709 serenitati
1131 4663 1311 4729 congruum
1335 4642 1492 4707 duximus
