3316 6240
387 767 454 832 300
721 780 901 832 namucum
923 784 951 832 s.
974 782 1113 845 uncus,
1289 772 1369 856 [um.
1387 787 1435 841 111.

216 964 354 1083 gam
385 965 527 1052 scopulis
549 964 634 1030 illidi
668 965 722 1030 vel
744 965 900 1031 fluctibus
931 965 1101 1054 immergi3
1130 988 1208 1034 nam
1232 968 1283 1034 vis
1314 976 1430 1037 vento-

217 1097 308 1164 „pp
385 1088 461 1131 rum
483 1068 622 1152 desuper
652 1065 870 1144 incumbebat,
894 1072 929 1133 et
962 1074 1062 1133 aestus
1088 1069 1189 1135 maris
1220 1073 1435 1158 repugnabat.

388 1168 489 1235 Unde
527 1168 678 1235 collectas
711 1168 755 1233 ad
776 1190 855 1233 usus
892 1191 1074 1255 pauperum
1107 1170 1274 1249 facientes,
1310 1174 1437 1239 auxilia

386 1275 575 1335 sanctorum
606 1269 814 1347 invocabant,
847 1271 905 1335 sed
935 1272 1049 1337 fractis
1072 1273 1226 1338 transtris
1253 1273 1380 1339 duobus
1403 1279 1437 1340 et

383 1371 548 1458 aplustris,
579 1371 755 1437 vacillante
772 1372 844 1458 jam
876 1373 1067 1459 compagine
1097 1374 1202 1452 navis,
1226 1375 1437 1442 aestimabant
1500 1420 1511 1441 x

383 1471 494 1559 potius
517 1471 552 1537 in
568 1494 601 1537 sc
617 1477 822 1558 peccatorum
838 1494 988 1538 excessus
1010 1495 1143 1538 suorum
1158 1476 1320 1542 vindicari
1336 1499 1436 1562 quam

384 1575 560 1639 tuitionem
598 1573 775 1660 impetrari.
837 1572 923 1639 Cum
961 1573 1074 1660 itaque
1111 1576 1170 1640 diu
1207 1576 1434 1663 fatigarentur,

383 1676 561 1742 novissime
583 1675 740 1761 martyris
762 1675 924 1742 recordati
954 1676 1250 1763 supplicationibus
1272 1680 1434 1745 attentius

384 1767 625 1843 incumbebant.
672 1777 835 1858 Quicum
857 1777 1033 1863 petitiones
1056 1800 1168 1845 corum
1190 1780 1434 1866 aliquantulum

384 1879 515 1945 differre
549 1879 726 1958 videretur,
759 1901 793 1946 se
828 1879 1037 1965 sepulchrum
1060 1881 1131 1968 ejus
1152 1882 1301 1948 adituros
1334 1883 1434 1948 devo-

383 1987 512 2061 verunt,
536 1982 563 2047 si
587 1982 656 2048 loco
679 1981 877 2068 competenti
899 1983 1088 2049 concederet
1120 1983 1291 2069 applicare.
1339 1985 1435 2065 Quod

298 2110 301 2115 ·
385 2106 461 2151 cum
494 2085 671 2161 vovissent,
704 2089 871 2150 currentes
901 2084 938 2147 in
968 2084 1130 2150 incertum
1154 2090 1188 2150 ct
1219 2091 1365 2151 errantes
1399 2087 1435 2152 in

384 2187 492 2265 undis,
518 2186 554 2252 in
576 2192 709 2272 portum
733 2185 966 2264 Sandwicum,¹
989 2187 1099 2252 docem
1122 2187 1285 2252 milliariis
1306 2209 1327 2252 a
1349 2210 1435 2252 mar-

384 2288 472 2375 tyrio
494 2288 566 2375 ejus
588 2293 758 2365 remotum,
781 2288 884 2353 delati
905 2292 992 2366 sunt,
1015 2310 1081 2373 quo
1103 2293 1138 2355 et
1160 2289 1229 2376 ipsc
1244 2290 1369 2355 dudum
1385 2312 1434 2356 re·

385 2395 519 2457 vertens
540 2390 584 2456 ab
606 2390 723 2456 exsilio
746 2389 875 2456 delatus
897 2395 955 2456 est.

629 2616 639 2635 ⁶
672 2624 752 2710 (44.)
777 2623 824 2691 De
847 2623 976 2691 antheo
994 2624 1150 2690 auclore.

216 2794 358 2846 oemroof
430 2781 611 2848 Dovrensis
643 2780 778 2866 quidam
809 2781 968 2846 Girardus
990 2802 1147 2847 occanum
1177 2781 1339 2868 navigans
1361 2788 1434 2848 orla

216 2861 364 2979 fflssffl
384 2889 618 2971 tempestates
640 2883 719 2949 navi
735 2882 911 2949 anchoram
934 2883 1073 2949 demisit.
1113 2882 1221 2963 Quam
1243 2906 1318 2950 eum
1334 2884 1434 2949 vellet

215 3008 319 3111 :elida
358 2988 544 3065 reducere,
579 2986 645 3052 duc
680 3007 728 3063 ex,
756 2985 876 3063 nautis,
911 2986 997 3051 sicut
1030 2985 1129 3051 moris
1161 2990 1218 3063 est,
1242 2990 1368 3051 stantes
1398 2987 1433 3051 in

384 3191 549 3278 quondam
586 3189 771 3255 mordacem
808 3188 958 3265 avellere,
996 3187 1099 3254 donec
1135 3208 1247 3253 omncs
1279 3194 1433 3254 conatum

384 3315 480 3360 suum
504 3292 788 3360 communicarent.
835 3290 1061 3356 Nihilominus
1083 3296 1194 3356 tamen
1210 3312 1321 3356 omncs
1344 3314 1434 3358 casso

385 3400 504 3463 conatu
538 3395 734 3461 defecerunt.
792 3392 890 3459 Unde
920 3392 962 3458 ad
985 3392 1141 3458 ultimum
1171 3392 1334 3479 refugium
1358 3416 1433 3461 con-

383 3499 548 3585 fugientes
577 3495 668 3583 ligno
690 3495 779 3581 quod
808 3501 921 3560 nautae
951 3495 1149 3560 windasium
1181 3501 1300 3560 vocant
1334 3503 1434 3582 caput

384 3598 534 3666 rudentis
565 3600 831 3684 circumposuerc,
866 3603 905 3663 ut
938 3599 1137 3684 suffragante
1169 3597 1258 3684 ligno
1296 3606 1433 3665 conatus
1543 3664 1546 3669 .

385 3702 545 3769 efficacior
567 3706 659 3767 essct.
699 3700 760 3765 Est
774 3706 886 3766 autom
909 3699 1037 3787 lignum
1053 3721 1095 3764 cx
1110 3704 1297 3764 transvorso
1312 3701 1433 3788 puppis

270 3796 273 3801 ’
383 3804 537 3893 positum,
559 3810 594 3870 ct
624 3825 667 3869 ex
701 3803 800 3868 latere
832 3801 1042 3888 perforatum,
1072 3799 1166 3886 cujus
1203 3821 1283 3865 usus
1313 3807 1364 3866 est
1398 3803 1434 3866 in

383 3906 564 3992 majoribus
600 3903 743 3970 navibus
779 3902 823 3969 ud
860 3901 1125 3988 suspendendum
1163 3902 1281 3966 velum.
1343 3902 1448 3980 Nam⁴

382 4008 598 4075 foraminibus
620 4007 848 4071 immittuntur
869 4004 962 4081 radii,
986 4010 1020 4069 et
1042 4006 1131 4090 quod
1153 4026 1220 4070 non
1243 4007 1352 4090 potest
1374 4026 1432 4090 per

383 4134 417 4177 se
440 4111 492 4175 vis
514 4110 668 4186 humana,
692 4111 802 4194 potest
834 4107 981 4171 innitens
1003 4106 1122 4186 radiis3
1149 4107 1229 4171 dum
1259 4105 1347 4171 enim
1370 4106 1432 4171 cir-

383 4211 593 4281 cumducitur
607 4210 734 4296 lignum
757 4208 893 4274 funibus
915 4208 1198 4285 circumvolutum,
1215 4206 1367 4293 provenit
1390 4228 1432 4271 ex

383 4316 474 4403 ligno
511 4311 606 4378 facile
645 4308 845 4395 suffragium.
908 4309 975 4374 Sed
1004 4309 1151 4374 nondum
1189 4319 1291 4372 tenax
1328 4328 1433 4372 uncus

383 4417 487 4482 sensit
509 4413 738 4481 anhelantium
761 4432 886 4476 manus.
933 4411 1042 4498 Igitur
1064 4411 1209 4476 humano
1232 4409 1433 4475 adminiculo

383 4580 450 4588 ———

654 4710 664 4725 l
768 4658 776 4692 ¹
796 4657 981 4719 Smndoeicum,
993 4658 1049 4710 MS.
