3316 6240
339 766 404 825 358
672 777 852 827 Minaeum
875 778 900 825 s.
924 777 1063 835 rnoun,
1246 763 1325 845 [nm.
1343 778 1390 828 u.

338 962 551 1039 innitebatur,
586 962 701 1027 nolens
744 963 793 1026 uti
838 962 982 1027 vehiculi
1016 962 1180 1039 beneficio,
1215 968 1256 1026 ut
1288 963 1325 1026 in
1357 983 1391 1027 se

338 1065 593 1131 misericordiam
616 1066 773 1150 mmtpnis
796 1088 838 1129 ex
869 1065 1074 1132 incommodo
1107 1066 1251 1151 eorporis
1274 1087 1391 1151 provo·

339 1171 435 1231 caret.
482 1167 575 1231 Inter
607 1168 753 1231 eundum
776 1167 923 1231 advertit
946 1172 1040 1252 pater
1062 1168 1169 1230 filiuni
1196 1168 1317 1233 rectius
1341 1168 1388 1230 in-

338 1268 516 1355 cedentem,
540 1274 574 1332 et
605 1269 661 1345 ait,
696 1269 813 1348 “Quid
848 1274 904 1345 est,
939 1268 1012 1332 filil
1058 1269 1199 1333 Videtur
1230 1269 1320 1345 mihi,
1355 1270 1392 1332 ni

339 1378 357 1404 “
379 1370 482 1447 fallor,
506 1371 585 1455 quia
607 1394 664 1455 pes
686 1372 750 1435 tihi
765 1372 886 1436 rectius
902 1371 998 1435 solito
1014 1371 1169 1457 defigitur
1189 1376 1223 1435 et
1237 1371 1391 1435 firmius.'’

341 1480 357 1505 “
380 1471 504 1546 Pater‚''
527 1472 583 1548 ait,
608 1480 624 1505 “
633 1473 688 1548 mi,
723 1472 856 1535 videtur
888 1477 922 1536 et
944 1478 1014 1549 est;
1044 1494 1150 1557 neque
1185 1473 1273 1536 eninr
1299 1473 1392 1557 pedis

341 1581 358 1606 “
380 1572 435 1637 vel
457 1572 592 1639 alterius
615 1574 834 1638 membrorum
849 1594 1027 1659 gravamen
1043 1574 1157 1639 sentio
1203 1573 1272 1659 Ipsi
1287 1574 1392 1638 honor

342 1682 358 1708 “
382 1679 417 1738 et
438 1674 543 1759 gloria
565 1674 623 1758 qui
657 1697 716 1759 per
747 1680 927 1759 martyrem
954 1697 1051 1738 suum
1087 1674 1252 1739 miseriam
1284 1696 1391 1739 meam

343 1783 360 1809 “
382 1774 550 1839 relevavit.
611 1775 749 1838 Dierum
781 1775 941 1840 malorum
980 1781 1015 1840 et
1051 1775 1232 1841 multorum
1269 1775 1392 1840 incom-

342 1885 359 1911 “
381 1878 558 1941 meditatas
581 1878 731 1942 sustinui.
780 1878 880 1943 Nunc
903 1878 1046 1944 remedio
1069 1878 1158 1943 facili
1190 1879 1252 1943 sub
1284 1878 1391 1943 brevi-

343 1988 360 2013 “
382 1983 452 2043 tate
484 1980 642 2042 momenti
675 1979 710 2042 in
752 1979 877 2043 virtute
909 1980 1016 2044 saneti
1055 1980 1176 2044 vitium
1217 1979 1393 2064 corporalis

344 2088 361 2116 “
384 2080 1000 2145 enonnitatisetinfru·1nitatisevasi.”
1047 2081 1261 2146 Procedentes
1280 2082 1393 2167 itaque

343 2182 553 2268 sepulchrum
586 2184 692 2249 saneti
717 2185 908 2268 contingere
931 2189 1130 2261 meruenmt,
1155 2191 1189 2248 et
1223 2184 1393 2269 petitionis

341 2285 394 2349 sui
427 2289 592 2369 compotes
625 2284 722 2349 ambe
771 2284 950 2349 redierunt.
1005 2285 1093 2349 Nam
1128 2286 1171 2349 ab
1202 2307 1241 2350 ea
1263 2284 1326 2349 ‘die
1360 2291 1395 2350 et

343 2386 495 2472 deinceps
525 2408 585 2451 nec
611 2386 700 2449 filius
738 2386 998 2472 inaequalitatem
1033 2388 1178 2471 partium
1210 2410 1271 2453 nee
1300 2393 1395 2473 pater

343 2488 531 2572 passionum
554 2508 687 2552 suarum
710 2488 895 2553 molestiam
919 2489 1086 2573 persensit.

532 2747 611 2832 (47.)
636 2746 683 2813 De
701 2747 841 2833 portale
863 2747 905 2813 in
922 2746 1017 2833 fonte
1039 2746 1210 2813 saturasse.

177 2921 332 3000 Adrpnned
389 2908 508 2993 Dignis
546 2907 719 2992 pueconiis
751 2912 877 2991 martyr
910 2906 1094 2971 elterendus
1128 2915 1185 2983 est,
1210 2908 1265 2992 qui
1296 2909 1396 2974 linita

176 2989 297 3119 ἔξω·
345 3010 445 3076 etiam
479 3010 637 3075 animalia
670 3010 796 3075 coelesti
840 3010 997 3074 beneficio
1035 3010 1200 3095 dignatur.
1246 3010 1328 3097 Agit
1359 3013 1395 3076 in

177 3121 289 3197 brought
344 3114 439 3178 bonis
478 3114 548 3178 dies
586 3136 662 3177 suos
700 3114 754 3176 vir
791 3112 949 3178 clericalis
987 3111 1204 3198 professionis,
1244 3116 1395 3197 quamvis

177 3186 334 3317 ffifg'fm
345 3216 551 3293 seculariter,
576 3238 618 3280 ex
640 3215 738 3279 rebus
759 3220 871 3279 tamen
894 3214 1118 3280 ecelesiasticis
1142 3215 1267 3291 vivens
1291 3237 1394 3301 quon-

177 3320 299 3369 beende-
347 3319 423 3383 (lam
447 3318 598 3393 decanus,
623 3323 657 3381 et
680 3323 778 3381 notus
801 3339 860 3401 per
882 3316 1083 3402 episcopium
1099 3315 1318 3395 Nonvicense,
1342 3319 1395 3383 eui

134 3408 141 3413 ’
177 3386 333 3504 RQ&
346 3442 465 3486 nomen
489 3420 662 3484 Walterus.
710 3420 750 3482 In
781 3420 874 3503 cuius
897 3420 993 3485 dome
1017 3418 1158 3505 contigit
1181 3421 1268 3505 quod
1290 3443 1393 3486 nane.

348 3522 507 3587 Sueculus
530 3521 680 3585 insonte
703 3521 891 3585 submersus
914 3526 1009 3596 esta
1032 3521 1192 3585 maternis
1217 3523 1395 3588 visceribus

346 3647 452 3710 nuper
474 3624 605 3689 effiisus.
652 3623 758 3703 Quem
774 3645 848 3687 eum
865 3623 997 3687 domum
1014 3622 1054 3687 de
1077 3622 1168 3688 fonte
1184 3631 1395 3709 reportatum,

346 3733 381 3793 et
414 3727 451 3790 in
484 3726 592 3791 medio
615 3726 805 3811 projectum,
829 3724 911 3809 pede
943 3746 1001 3788 suo
1024 3725 1270 3791 materfamilias
1293 3728 1396 3793 dimo-

348 3835 447 3907 veret,
471 3835 703 3913 mortuumque
726 3849 794 3892 esse
826 3827 986 3912 probaret,
1013 3828 1115 3911 jussit
1141 3834 1180 3892 ut
1214 3830 1300 3895 foras
1324 3853 1396 3916 pre·

345 3934 511 4019 jiceretur.
556 3932 683 3995 Rursus
717 3936 791 4016 post
829 3930 994 3994 modicum
1027 3930 1063 3993 in
1097 3931 1253 3997 cadavere
1292 3934 1396 3997 vitam

348 4035 560 4119 investigans,
584 4037 618 4097 et
652 4032 753 4095 vitale
787 4030 871 4094 nihil
903 4031 1084 4110 inveniens,
1103 4031 1205 4117 jussit
1237 4038 1277 4097 ut
1310 4033 1396 4099 linas

348 4137 544 4201 mitteretur.
591 4132 723 4208 “Non''
757 4133 806 4196 ait
839 4134 908 4198 filia
941 4133 1090 4212 familias,
1128 4144 1145 4169 “
1156 4134 1312 4219 ejicietur,
1340 4137 1397 4202 serl

349 4249 366 4275 “
388 4240 485 4305 beate
507 4237 641 4302 Therme
656 4236 888 4320 deputaliitur3
910 4237 1013 4323 ipsius
1035 4237 1125 4303 erit.’'
1170 4238 1284 4323 thue
1307 4241 1397 4305 sede-

348 4344 415 4418 bat,
447 4342 535 4428 operi
567 4360 725 4404 manuum
761 4339 942 4415 intendens,
974 4340 1139 4405 forficibus
1171 4343 1310 4426 aneptis
1342 4365 1398 4407 ex-

350 4446 491 4512 animati
513 4443 656 4529 eorporis
678 4444 793 4507 anilias
823 4442 985 4507 auriculas
1008 4443 1177 4527 praecidit;
1207 4445 1296 4527 quod
1322 4467 1397 4509 eon-

350 4550 460 4614 festim
494 4548 531 4611 in
564 4547 663 4631 pedes
695 4546 882 4641 consistens,
924 4568 958 4608 se
990 4546 1141 4621 excussit,
1177 4552 1211 4610 et
1241 4547 1399 4633 quicquid

353 4650 485 4715 biberat
505 4648 682 4733 mingendo
705 4646 836 4723 refudit,
861 4667 1031 4731 quousque
1046 4646 1196 4732 pristinae
1218 4649 1399 4734 gracilitati
