3316 6240
338 889 341 896 .
373 829 437 892 406
706 838 885 888 ursanum
908 841 932 887 s
957 840 1094 898 recum,
1294 823 1372 906 [Lm.
1389 839 1423 888 v.

206 1035 272 1085 until
284 1035 316 1084 he
327 1034 349 1082 is
375 1025 460 1091 Cum
493 1027 606 1109 itaque
635 1025 777 1088 furiosus
807 1025 935 1088 invidia
966 1024 1089 1088 diaboli
1122 1028 1306 1099 vexaretur,
1338 1043 1424 1088 com-

206 1102 341 1232 ffiffi‘ff
375 1150 490 1214 passus
522 1127 680 1192 servienti
712 1147 770 1189 suo
805 1126 965 1211 Paganus,
989 1125 1029 1190 de
1052 1147 1117 1210 quo
1140 1146 1240 1209 supra
1270 1125 1424 1199 diximus,

207 1232 303 1310 ingof·
375 1252 496 1315 aquam
522 1229 713 1314 postulavit,
736 1229 900 1292 fimbriam
932 1228 1087 1312 martyris
1110 1227 1259 1303 intinxit,
1283 1226 1424 1291 elemen-

208 1308 357 1430 iiiiii&
376 1341 458 1412 tum,
496 1336 597 1398 immo
631 1334 702 1418 jam
741 1338 991 1407 sacramentum,
1021 1331 1148 1409 furioso,
1182 1331 1353 1415 propinst3
1391 1336 1426 1394 ct

210 1431 299 1547 ξξίζξῗε
378 1438 549 1503 confestim
582 1437 634 1500 sui
669 1458 799 1521 compos
831 1435 966 1500 effectus
997 1439 1056 1510 est,
1080 1440 1114 1498 et
1136 1433 1299 1519 malignus
1321 1432 1364 1497 ab
1386 1455 1425 1496 co

211 1564 343 1679 {emensas
380 1540 511 1625 ejectus.

261 1645 279 1679 ll

214 1693 313 1759 uppeu

504 1797 583 1882 (39.)
607 1796 655 1861 Dc
676 1779 818 1862 muliere
839 1803 976 1861 reomau
993 1794 1115 1881 fmctro
1138 1793 1307 1882 imposito.

97 1990 100 1995 ·
210 1968 361 2031 Reimunda,
426 1965 626 2030 Retulerunt
648 1965 782 2050 quidam
806 1964 969 2048 peregrini
993 1965 1098 2028 sancti
1122 1963 1264 2040 Thomae,
1289 1985 1427 2048 quorum

211 2036 532 2167 {iguimrelationi
555 2074 642 2131 staro
661 2066 885 2151 judicavimus
908 2071 1041 2150 propter
1063 2065 1271 2129 devotionem
1302 2070 1336 2129 et
1366 2066 1429 2128 iter

212 2170 331 2236 vergne),
379 2170 568 2254 longinquae
605 2168 885 2254 peregrinationis,
926 2168 1005 2251 quia
1027 2167 1063 2230 in
1093 2168 1166 2232 vico
1200 2168 1427 2241 transmarino,

213 2236 434 2351 {mistui
457 2291 576 2334 nomen
600 2269 741 2334 Sanctus
765 2268 889 2344 Florus
918 2269 1036 2332 mulier
1058 2267 1211 2354 vizagia¹
1244 2269 1430 2333 Reimunda

213 2366 325 2417 ralbier.
381 2372 547 2447 decedens,
571 2372 697 2435 caeteris
729 2370 971 2454 exsequialibus
1005 2369 1162 2455 impensis
1193 2392 1267 2455 quse
1290 2370 1430 2434 mortuis

382 2473 530 2538 exhiberi
554 2473 668 2548 solent,
692 2472 811 2536 feretro
835 2472 1057 2555 imponeretur
1080 2477 1114 2536 et
1137 2472 1178 2536 de
1201 2494 1289 2536 more
1304 2472 1430 2556 lugere·

381 2579 457 2652 tur;
486 2573 544 2637 sed
565 2572 755 2658 lugentibus
778 2573 908 2637 monitu
940 2572 1110 2657 cujusdem
1145 2573 1297 2638 monachi
1328 2574 1430 2637 inter-

383 2673 547 2738 venientis
583 2674 723 2758 martyri
761 2674 894 2738 Thomae
932 2674 1137 2750 voventibus,
1177 2680 1211 2739 et
1248 2697 1350 2759 usque
1396 2675 1432 2738 in

384 2775 597 2841 conticinium
619 2776 725 2840 noetis
747 2776 790 2840 ab
812 2798 927 2841 occasu
950 2776 1025 2840 solis
1048 2776 1216 2861 planctum
1240 2778 1431 2862 protrahen-

383 2877 483 2955 tibus,
507 2878 624 2942 emisso
648 2877 788 2963 suspirio
810 2878 890 2942 vitae
914 2878 1052 2942 redditas
1075 2878 1169 2942 daret
1191 2879 1357 2956 indicium,
1380 2902 1432 2944 rc-

383 2984 542 3065 ceptaque
588 2979 744 3044 facultate
789 2980 945 3064 loquendi
983 2980 1023 3045 de
1061 2981 1241 3046 venerabili
1287 2982 1359 3046 viro
1397 3004 1432 3046 se

372 3081 542 3146 'visitante
565 3082 706 3147 referret.

582 3250 733 3336 Explicit
755 3249 839 3317 iiber
865 3251 931 3316 Vua,
977 3251 1110 3338 Incipit
1131 3259 1246 3319 sertas

694 3519 701 3550 ¹
720 3520 837 3584 Possibly
849 3522 1120 3586 viznayia(=oicino).
