3316 6240
443 802 507 864 lou
777 815 957 864 Minaeum
980 818 1004 864 s.
1028 818 1166 876 meua,
1351 802 1429 886 [ma.
1446 821 1493 874 vr,

442 1002 499 1066 sed
522 1024 580 1088 per
612 1003 701 1067 naris
733 1005 920 1090 angustiam
951 1005 1083 1069 exsiliit.
1131 1004 1227 1084 Quod
1261 1026 1335 1068 cum
1359 1003 1494 1067 exhibe-

442 1111 533 1170 retur
562 1106 605 1170 ad
637 1106 826 1180 videndum,
857 1108 921 1170 nisi
955 1108 1117 1172 vidissent
1149 1107 1296 1171 corninus
1338 1112 1493 1181 astantes,

441 1230 508 1270 non
530 1208 755 1272 'credidissent
788 1208 875 1291 quod
910 1231 945 1271 os
983 1209 1054 1293 ejus
1086 1210 1284 1293 quantitatis
1326 1232 1383 1294 per
1420 1232 1493 1273 cam

441 1310 628 1395 angustiam
665 1310 774 1394 trajici
816 1310 985 1393 potuisset.
1048 1311 1136 1374 Nam
1178 1333 1282 1374 unum
1324 1317 1359 1375 et
1395 1312 1493 1375 semis

442 1411 592 1496 pollicem
626 1411 751 1475 habens
786 1411 1001 1495 longitudine,
1025 1419 1126 1497 caput
1148 1413 1288 1476 alterum
1323 1413 1493 1487 dilatabat,

441 1518 582 1580 alterum
616 1516 659 1579 ad
697 1515 858 1580 acuminis
890 1516 1049 1600 angulum
1072 1518 1266 1593 coarctabat,
1300 1521 1338 1580 ut
1361 1518 1491 1602 sagitta*¹

440 1625 567 1704 gereret
597 1618 744 1702 effigiem.
791 1616 921 1682 Claruit
955 1625 1066 1683 antem
1090 1620 1242 1683 omnibns
1265 1620 1372 1684 virtus
1407 1642 1490 1683 mar·

441 1719 532 1803 tyris,
557 1718 613 1802 qui
637 1740 704 1802 qua
725 1718 781 1783 via
802 1740 869 1782 non
899 1719 1005 1796 ierat,l
1029 1719 1117 1805 quod
1140 1721 1245 1785 vitam
1276 1720 1492 1785 subtrahebat

441 1823 564 1888 eduxit.

443 2058 522 2141 (65.)
546 2056 594 2124 De
614 2056 742 2143 pirula,
768 2056 838 2143 qui,
863 2079 972 2141 quam
1001 2057 1200 2145 ‹tiripnisset
1225 2059 1404 2144 pmeprino
1435 2057 1489 2143 bp-

445 2147 447 2151 *
529 2164 688 2223 aoracum
709 2152 799 2222 hauto
824 2157 954 2223 'l'lumur
977 2158 1192 2235 (tertiandum,
1218 2180 1343 2225 procare
1364 2182 1396 2224 ac
1420 2182 1487 2224 non

526 2258 647 2345 poluit.

275 2422 398 2499 trimae.
487 2416 681 2502 Peregrinus
702 2417 836 2500 quidam
855 2416 895 2480 dc
919 2416 1082 2481 territorio
1103 2417 1207 2481 sancti
1231 2418 1386 2502 martyris
1405 2416 1489 2481 Ead-

274 2489 395 2604 mg„
444 2519 558 2582 mnndi
580 2518 739 2583 servierat
758 2518 795 2581 in
815 2517 1016 2583 xenodochio
1034 2518 1307 2583 derosolimitann
1354 2519 1490 2583 Servitii

273 2620 374 2686 pirgum
386 2621 415 2670 οἵ
443 2621 551 2706 gratia
568 2620 767 2704 byzanteum
788 2627 957 2705 acceperat
967 2645 975 2697 ;
998 2642 1095 2705 quem
1114 2620 1190 2685 inde
1213 2643 1345 2707 peregre
1363 2622 1491 2685 rediens

273 2689 392 2737 aberant
480 2723 486 2736 .
601 2722 607 2735 .
987 2723 993 2735 ,
1369 2724 1375 2736 ,

273 2753 395 2803 intended
443 2728 577 2787 miserat
598 2744 634 2785 111
656 2723 835 2807 ampullam
859 2729 1013 2806 martyris
1036 2722 1177 2799 Therme,
1196 2723 1324 2787 tumulo
1347 2724 1492 2808 ejusdcm

273 2819 383 2936 {⁰1:⁰22
404 2884 424 2935 is
443 2825 598 2910 martyris
632 2825 840 2890 offerendum.
896 2824 1039 2889 Veniens
1062 2829 1173 2889 autem
1197 2825 1232 2888 in
1253 2847 1350 2901 mare,
1374 2825 1491 2890 incidit

385 2923 392 2945 ‚
445 2927 451 2941 .

274 2953 364 3002 unable
376 2959 403 3002 to
443 2950 477 2991 m
501 2927 984 3012 manuspi1·atarn1n,qu01·um
1007 2948 1093 2990 unus
1114 2926 1272 3012 diripiens
1294 2927 1357 2991 sibi
1380 2949 1490 3012 peram

273 3018 396 3068 stirfrom
442 3030 512 3117 ojus
543 3030 688 3116 paulam
720 3030 867 3115 putabat.
915 3029 981 3093 Sed
1003 3028 1039 3092 in
1072 3028 1185 3113 praeda
1218 3029 1424 3113 depraedatus
1458 3054 1491 3093 se

274 3084 318 3134 the
331 3091 395 3149 spot.

442 3154 572 3199 movere
595 3154 661 3198 non
684 3137 820 3217 poterat,
844 3137 1014 3196 attentus
1036 3136 1087 3194 est
1113 3131 1155 3196 ab
1177 3154 1216 3195 eo
1239 3132 1327 3217 quod
1350 3132 1489 3196 tenebat.

442 3234 507 3300 Itos
545 3234 633 3299 enim
670 3235 809 3318 martyri
848 3233 1013 3298 destinata
1049 3233 1236 3318 praedonem
1274 3233 1489 3319 praedabatur.

443 3336 562 3401 Stabat
596 3336 698 3421 igitur
721 3337 886 3410 immotus,
921 3335 1035 3420 lingua
1069 3335 1152 3399 liber
1183 3341 1217 3399 ct
1251 3336 1409 3411 manibus,
1432 3337 1489 3399 sed

441 3440 529 3503 fixus
559 3439 704 3523 pedibus.
751 3438 938 3522 Videasque
973 3437 1075 3502 socios
1097 3437 1214 3502 liberos
1244 3442 1278 3501 et
1311 3437 1488 3521 expeditos,

442 3546 577 3625 stupens
600 3561 698 3623 super
728 3539 962 3625 impedimento
986 3562 1054 3616 suo,
1077 3538 1299 3626 interrogabat
1333 3539 1489 3621 quidnam

442 3642 505 3706 sibi
539 3641 737 3726 contigisset.
799 3641 953 3726 Dumque
991 3642 1207 3727 cogitationes
1240 3640 1422 3717 diducebat,
1457 3649 1491 3706 et

441 3743 673 3811 conscientiam
711 3743 934 3819 conveniebat,
973 3744 1162 3809 recordatus
1205 3745 1329 3830 rapinae
1372 3745 1492 3831 abjecit

441 3847 585 3913 alienum
608 3868 684 3923 ase
707 3851 741 3910 et
763 3845 886 3930 recepit
908 3868 949 3910 sc.

521 4088 600 4172 (66.)
624 4086 671 4152 Dc
693 4085 852 4171 accipitre
874 4085 916 4151 ia
937 4084 1116 4170 Notarepiu
1139 4085 1201 4172 qui
1222 4087 1416 4153 avolarem-t.

273 4256 412 4335 attorne-
487 4244 629 4311 Clcricos
652 4243 734 4308 dnos
756 4242 851 4308 nobis
875 4242 1053 4330 Norwegia
1085 4245 1308 4329 praesentavit,
1333 4245 1492 4309 Gillinum

272 4340 379 4441 ἓξὲξ
443 4348 616 4435 quendam,
656 4347 726 4412 vico
764 4345 984 4411 archidiaconi
1018 4346 1218 4431 fungentem,
1252 4369 1348 4432 quem
1385 4348 1495 4412 subita

272 4457 418 4508 thaassur
443 4450 592 4537 passione
631 4469 818 4534 percussum
861 4454 894 4511 ct
934 4448 1213 4512 obmutescentem
1252 4455 1380 4534 martyr
1422 4456 1496 4536 post

905 4606 1026 4613 ..-.--
1050 4607 1070 4613 -.
1106 4607 1163 4612 .,-.

623 4697 629 4729 ¹
649 4696 711 4746 'l'his
722 4697 776 4746 first
787 4697 861 4746 letter
872 4696 902 4746 ol
912 4695 961 4746 this
973 4697 1041 4746 word
1053 4696 1191 4746 interlincd
1204 4697 1229 4746 iu
1243 4698 1301 4748 MS.
