3316 6240
452 781 517 847 488
787 794 966 846 MIRAOULA
988 795 1015 844 s.
1039 792 1176 855 mona,
1361 774 1516 877 [marr.

455 983 597 1049 eeclesiis
643 984 737 1050 decet
774 983 933 1069 implevit.
992 983 1272 1069 appropinquans
1308 984 1424 1046 autem
1463 976 1513 1042 ad

456 1086 577 1162 urbem,
601 1086 739 1151 formam
762 1085 962 1152 humilitatis
985 1091 1020 1150 et
1042 1082 1316 1170 peregrinationis
1339 1080 1510 1147 exhibuit

455 1187 543 1254 Nam
575 1190 618 1254 ab
650 1188 789 1255 {edicula
819 1189 908 1255 beati
932 1187 1095 1263 Nicholai,
1119 1209 1194 1271 quse
1225 1185 1342 1251 stadiis
1374 1184 1511 1248 duobus

454 1290 557 1355 distat
578 1291 622 1357 ab
638 1290 725 1366 urbe,
741 1290 890 1375 pedestre
914 1291 978 1354 iter
992 1310 1164 1376 aggressus
1187 1294 1244 1353 est.
1290 1286 1346 1351 Ab
1360 1285 1511 1351 oratorio

454 1415 533 1458 vcro
566 1392 681 1459 Sancti
704 1392 882 1470 Dunstani‚
906 1392 995 1477 quod
1029 1391 1122 1457 ducit
1155 1391 1192 1454 in
1224 1388 1430 1463 suburbium,
1462 1386 1511 1452 ad

454 1495 605 1560 tumbam
639 1495 744 1559 sancti
782 1495 864 1578 pede
896 1493 1090 1559 discalceato
1125 1491 1322 1577 spectandus
1359 1488 1510 1556 accessit.

455 1596 508 1659 Ibi
532 1595 748 1681 praesentibus
771 1596 847 1672 suis,
871 1601 906 1660 et
928 1595 1085 1661 fratribus
1106 1594 1260 1659 omnibus
1289 1591 1509 1679 congregatis,

454 1703 583 1764 reatum
606 1720 702 1761 suum
726 1698 855 1783 publice
885 1704 1087 1783 protestatus
1109 1702 1167 1774 est,
1191 1717 1336 1761 asserens
1371 1714 1509 1760 causam

454 1801 619 1885 quandam
654 1801 807 1884 martyrii
841 1800 997 1885 martyris
1019 1800 1153 1865 Thomae
1185 1820 1206 1865 a
1237 1822 1271 1865 sc
1303 1797 1506 1884 processisse.

454 1903 542 1983 Quia
564 1903 652 1967 enim
676 1902 827 1986 quaedam
850 1907 939 1967 moto
971 1907 1005 1968 et
1027 1903 1161 1968 turbato
1184 1902 1294 1967 animo
1324 1898 1508 1986 aliquando

453 2006 592 2081 dixerat,
624 2009 756 2090 sumpta
788 2005 896 2072 sicarii
936 2005 1102 2071 occasione
1140 2003 1281 2090 grassari
1318 2003 1354 2066 in
1394 2002 1507 2066 sirum

453 2107 516 2172 Dei
547 2114 833 2192 praesumpserunt,
858 2129 916 2193 per
949 2109 1114 2192 privatam
1138 2107 1342 2192 impietatem
1377 2106 1507 2191 regium

453 2210 598 2275 favorem
633 2210 864 2275 mendicantes.
911 2209 1063 2295 Rogabat
1094 2211 1207 2294 itaque
1228 2210 1272 2275 ad
1306 2208 1405 2294 pedes
1436 2230 1507 2273 om·

452 2312 547 2376 nium
581 2316 771 2396 prostratus,
796 2316 830 2375 ot
852 2331 968 2395 eorpus
990 2332 1086 2374 suum
1109 2311 1220 2397 flagris
1253 2330 1428 2395 exponens,
1453 2310 1506 2373 in-

449 2414 555 2499 jurias
571 2413 726 2500 martyris
749 2415 785 2476 in
808 2436 842 2479 sa
857 2414 1027 2491 vindicari,
1044 2420 1079 2478 at
1101 2435 1160 2498 pro
1176 2435 1209 2478 se
1232 2414 1325 2478 orari.
1373 2412 1506 2493 Quibus

452 2515 601 2601 expletis,
618 2516 743 2579 tumbae
765 2516 921 2599 martyris
936 2536 1061 2581 marcas
1083 2517 1156 2580 auri
1171 2515 1337 2600 purissimi
1361 2520 1507 2598 quatuor

452 2638 526 2681 cum
541 2616 719 2681 holoserico
741 2616 842 2701 pallio
864 2617 1028 2701 imposuit,
1046 2620 1080 2681 et
1102 2616 1321 2701 quadraginta
1343 2615 1505 2681 librarum

452 2718 578 2782 reditus
602 2717 832 2783 (iantriariensi
857 2718 999 2783 ecelesiis
1027 2720 1062 2782 in
1086 2723 1281 2804 perpetuum
1312 2719 1506 2803 assignavit,

454 2819 665 2903 restituitque
688 2820 719 2882 ei
746 2821 857 2883 omnia
889 2842 963 2904 quse
986 2820 1037 2884 sui
1068 2821 1154 2906 juris
1178 2826 1273 2885 erant
1306 2826 1340 2886 et
1374 2827 1506 2906 martyr

454 2922 595 2988 Thomas
629 2921 821 2986 vindicarit.
868 2922 1035 2987 Postremo
1058 2924 1253 3009 promittens
1287 2922 1505 2991 inhonorem

453 3024 524 3109 ejus
547 3024 732 3088 eoenobium
755 3030 949 3100 construere,
973 3024 1175 3091 reconciliari
1199 3025 1327 3089 meruit.

499 3126 580 3205 Quis
603 3127 714 3191 ferrera
742 3126 863 3190 urentis
895 3126 1056 3212 lacrymas
1083 3132 1218 3205 teneret,
1251 3128 1366 3192 sidens
1396 3132 1505 3194 canta

453 3227 666 3293 sublimitatis
711 3227 934 3293 humilitatem
980 3234 1015 3293 ot
1052 3250 1172 3294 novam
1206 3229 1370 3295 Ninivitas
1414 3231 1504 3317 rugis

452 3330 709 3396 contritionem?
755 3330 823 3405 Ille,
851 3331 1002 3415 princeps
1025 3336 1060 3394 et
1082 3332 1134 3394 vir
1166 3331 1334 3408 Ninivita,
1358 3332 1397 3397 de
1422 3332 1506 3398 solio

452 3453 512 3495 suo
535 3433 687 3506 surrexit,
704 3436 739 3494 et
761 3432 848 3495 sedit
863 3431 899 3495 in
915 3433 1022 3497 cinere
1038 3438 1073 3497 et
1095 3433 1207 3500 cilicio.
1257 3434 1332 3509 Isto,
1348 3434 1502 3520 princeps

452 3539 486 3597 et
509 3533 561 3595 vir
583 3531 756 3606 Israelita,¹
789 3533 825 3595 in
857 3554 936 3618 sago
958 3541 992 3599 et
1026 3535 1133 3599 cinere
1166 3536 1361 3620 etpedibus
1395 3536 1500 3602 illotis

452 3633 650 3720 perduravit.
698 3632 768 3710 Ille,
784 3634 946 3719 prioribus
962 3642 996 3700 et
1011 3636 1175 3700 modernis
1197 3638 1385 3723 exemplum
1399 3664 1406 3717 ;
1428 3640 1501 3718 iste,

451 3740 614 3805 modernis
638 3742 672 3804 et
694 3741 822 3805 futuris.
870 3742 930 3806 Ille
949 3743 1078 3827 jejunio
1093 3745 1216 3809 avertit
1239 3744 1500 3831 indignationem

449 3843 608 3908 Divinam
632 3864 652 3907 a
675 3842 811 3909 civitate
834 3864 910 3922 sua3
940 3845 1002 3909 iste
1029 3846 1157 3931 jejunio
1180 3852 1214 3910 et
1244 3847 1458 3933 eleemosynis
1482 3872 1504 3916 a

450 3967 551 4031 regno
583 3967 648 4008 suo.
696 3945 784 4009 Nam
807 3945 1019 4010 Dorohernisu
1054 3969 1074 4011 a
1103 3969 1199 4012 ruane
1231 3950 1296 4013 diei
1328 3972 1431 4034 usque
1464 3953 1500 4016 in

451 4048 537 4112 diem
562 4047 702 4113 altcrmu
725 4068 792 4111 non
824 4047 934 4112 cibum
957 4068 1023 4112 nou
1046 4056 1161 4133 potum
1185 4052 1334 4135 sumpsit,
1358 4074 1424 4116 non
1457 4055 1500 4118 ad

450 4149 632 4216 necessaria
664 4154 792 4213 nutum>
830 4150 883 4213 vel
921 4150 1020 4213 semel
1051 4152 1166 4223 exivit,
1204 4160 1336 4237 gratum
1375 4155 1499 4220 habeus

450 4250 723 4339 peregrinationis
746 4252 906 4317 sustinere
938 4251 1110 4317 molestias.
1159 4252 1298 4320 Etcum
1330 4261 1500 4342 cogeretur

450 4377 471 4420 a
493 4354 658 4427 fratribus,
683 4352 816 4416 omnino
839 4374 906 4418 non
928 4355 1107 4438 aelqrrierit,
1125 4356 1181 4420 sed
1205 4356 1350 4421 assidens
1374 4357 1498 4422 tumbas

449 4457 614 4542 martyna,
643 4456 748 4521 solum
779 4456 906 4521 nudum
938 4478 1095 4541 premens,
1131 4465 1165 4522 et
1196 4458 1280 4522 nihil
1314 4460 1375 4523 sibi
1415 4460 1492 4525 sub-

454 4607 670 4617 ..--——u--.-—
683 4608 836 4617 -.--·--..
882 4608 992 4614 -1—-.-.
1022 4610 1025 4614 .
1050 4610 1095 4615 ..,,,,
1111 4610 1148 4617 ,-,
1237 4610 1311 4618 η-ῴ
1328 4614 1341 4618 -

856 4686 862 4717 ¹
882 4684 1026 4748 lambebto,
1037 4687 1093 4740 MS.
