3316 6240
472 751 536 810 530
806 760 984 809 ulricum
1008 762 1033 807 s.
1059 760 1197 819 ruens,
1381 732 1536 826 [aravi.

470 948 632 1011 subdivo
666 946 837 1022 residebat,
863 952 896 1010 et
919 952 994 1030 post
1028 946 1147 1010 balnea
1173 944 1347 1009 deliciosus
1383 944 1538 1009 siccabat

471 1071 594 1134 pennas
617 1070 699 1113 suas.
747 1049 791 1112 Et
814 1070 886 1114 ecce
918 1048 1041 1111 milvus
1064 1070 1140 1112 eum
1164 1046 1326 1111 violenter
1358 1046 1537 1131 unguibus

471 1156 639 1236 arreptum
663 1151 698 1213 in
721 1150 860 1214 sublime
892 1150 1140 1234 transportavit.
1187 1149 1247 1212 Ille
1271 1169 1349 1212 vero
1382 1147 1536 1213 clamans

473 1252 560 1336 quod
588 1252 748 1316 didicerat
782 1251 960 1336 perinane
995 1250 1185 1335 replicabat,
1209 1255 1243 1314 et
1276 1250 1365 1313 inter
1400 1270 1535 1333 ungues

426 1390 431 1399 ι
474 1354 616 1438 raptoris
638 1353 816 1418 invocabat
837 1351 1000 1416 auxilium
1025 1351 1188 1435 martyris.
1236 1350 1385 1413 Audiens
1416 1356 1534 1413 autem

474 1457 615 1541 depropc
650 1477 762 1519 vocem
794 1454 972 1517 humanam
1006 1454 1116 1537 pnmlo
1149 1453 1292 1538 praedam
1325 1451 1464 1527 dimisit,
1499 1457 1536 1516 et

474 1559 553 1642 qnia
576 1559 611 1620 in
634 1579 815 1643 pneeonem
839 1556 996 1639 martyris
1021 1556 1182 1620 violentos
1205 1555 1361 1640 injecerat
1392 1576 1534 1639 ungues

474 1660 515 1721 de
537 1659 619 1723 coelo
642 1664 790 1721 mortuus
813 1657 888 1720 ruit.

477 1916 578 1998 (149.)
614 1915 660 1978 lle
695 1912 923 1999 quodamsed
955 1903 1098 1996 burrho,
1122 1934 1164 1977 ne
1196 1910 1370 1977 ‹tiscaleret
1404 1932 1428 1973 α
1462 1910 1533 1974 loro

564 2017 712 2102 quernei
736 2016 909 2087 rlcrlicueit,
929 2015 1058 2100 fontem
1081 2015 1222 2080 ostendit
1245 2020 1274 2077 et.
1297 2015 1430 2078 lib-rum
1453 2035 1531 2078 cenr-

565 2117 653 2182 tulit.

307 2290 413 2366 Arnen,
520 2273 638 2337 Fretus
668 2274 810 2357 quidam,
835 2273 974 2358 septimo
1005 2273 1159 2337 milliario
1182 2272 1236 2353 ab,
1257 2271 1336 2335 urbe
1360 2271 1532 2335 Lundoni-

306 2356 424 2484 fflffif
436 2371 451 2404 ‘⁸
476 2397 568 2439 arum
593 2376 832 2440 xenodochium
860 2381 1059 2451 construens,
1083 2380 1229 2439 montem
1263 2374 1403 2458 martyri
1438 2374 1531 2437 dedi-

306 2489 353 2573 (ορ
366 2488 456 2564 Slioot-
475 2480 564 2543 eavit
586 2479 629 2541 ab
661 2479 810 2542 orientali
847 2483 939 2563 parte
951 2503 958 2555 ;
990 2500 1055 2561 quo
1078 2478 1157 2541 viee
1185 2477 1349 2541 viantium
1384 2476 1533 2541 latrones

307 2554 460 2671 ffiffi)
475 2581 624 2644 insidiari
649 2587 893 2644 consueverant.
941 2580 1008 2643 Ubi
1033 2602 1107 2643 cum
1131 2601 1188 2664 per
1211 2579 1421 2662 aliquantum
1447 2585 1531 2642 tcm-

306 2685 336 2733 of
350 2686 387 2737 St.
439 2753 443 2763 Ι
476 2704 538 2766 pus
577 2681 763 2757 laborasset,
803 2682 882 2766 quia
925 2681 1139 2765 suscipiendis
1177 2681 1376 2765 pauperibus
1418 2680 1533 2743 minus

306 2750 457 2868 ffilssffi’i}
476 2783 613 2846 idoneus
637 2783 727 2847 locus
757 2784 934 2848 videbatur
957 2788 1089 2868 propter
1111 2805 1206 2867 aqum
1236 2783 1416 2867 penuriam,
1442 2784 1532 2868 cogi-

308 2883 406 2996 ἀΐω
474 2886 568 2949 tabat
583 2885 648 2949 alio
664 2885 819 2949 secedere.
867 2885 948 2949 Hace
971 2885 1119 2969 cogitans
1135 2886 1330 2948 monebatur
1352 2885 1533 2948 insomnis

307 2958 457 3077 ἷῃὲᾟῖπ,
475 2987 611 3050 dumum
651 3009 754 3049 unum
791 2987 951 3051 sullbdcre
984 2988 1040 3071 qni
1079 2985 1213 3050 suberat
1247 2985 1393 3050 aedicula*
1429 3007 1532 3069 quarn

475 3088 602 3163 seoerat,
627 3089 688 3152 sub
715 3110 781 3171 quo
815 3088 919 3153 lectus
942 3088 1162 3173 anguillarum
1197 3088 1401 3172 reperiretur.
1450 3088 1532 3151 Evi-

474 3192 580 3276 gilans
603 3197 714 3256 autem
738 3191 876 3273 conjecit
900 3191 934 3253 in
957 3190 1112 3275 anguillis
1136 3212 1255 3273 aquam
1283 3189 1426 3274 figurari,
1452 3190 1534 3274 quia

476 3293 512 3355 in
535 3293 603 3356 loeo
636 3292 750 3354 limoso
783 3298 817 3355 et
851 3313 973 3374 aquoso
995 3295 1177 3355 nascuntur
1210 3291 1371 3375 anguillae.
1420 3290 1533 3374 Igitur

475 3392 618 3456 fodiente
653 3413 691 3454 eo
722 3392 794 3453 lons
826 3390 959 3467 exsiliit,
992 3391 1161 3454 viantibus
1193 3396 1228 3454 et
1260 3390 1347 3454 villae
1381 3411 1532 3455 neeessa-

475 3493 551 3554 rius.

309 3606 359 3653 and
371 3604 428 3653 how
437 3611 463 3654 to
520 3592 718 3656 Procedente
750 3597 895 3675 tempore
933 3593 1087 3677 apposuit
1121 3599 1248 3679 martyr
1285 3594 1392 3657 zelum
1430 3616 1531 3659 suurn

308 3685 441 3787 ffinffira
476 3694 560 3758 eirea
591 3694 696 3758 locum
720 3715 816 3757 suum
851 3694 1029 3757 ostendere.
1077 3695 1164 3758 Nam
1190 3695 1296 3758 virunr
1332 3695 1531 3779 praedictum

308 3803 348 3853 his
359 3805 454 3868 chapel.
475 3796 632 3880 praecepit
656 3797 691 3858 in
721 3796 842 3858 soumis
866 3795 958 3859 Joeio
991 3796 1119 3860 cuidam
1144 3797 1363 3859 Loudoniensi
1397 3800 1533 3863 nomine

475 3922 534 3962 suo
563 3900 737 3985 precipere.
762 3905 924 3983 qnatenus
958 3899 1078 3960 librum
1101 3900 1234 3982 sepellre
1258 3922 1325 3963 sure
1359 3900 1532 3972 consonet.

477 4024 572 4085 quem
608 4001 736 4085 pignori
761 4000 965 4084 suppositum
1000 4005 1034 4063 ct
1056 4001 1235 4084 repositum
1271 4001 1358 4085 apud
1392 4024 1425 4064 se
1460 4004 1533 4067 sine

477 4104 621 4167 lunnana
644 4103 790 4165 utilitate
814 4102 1037 4179 conservabat,
1058 4104 1157 4185 juxta
1174 4105 1261 4188 quod
1285 4106 1415 4188 sapiens
1437 4105 1532 4182 dicit,

478 4217 493 4240 “
518 4206 663 4271 Scientia
697 4204 888 4269 abscondita
925 4212 959 4269 et
997 4206 1170 4270 thesaurus
1201 4208 1420 4279 absconditus,
1453 4232 1532 4293 qum

478 4309 646 4372 “utilitas
679 4308 713 4369 in
738 4307 940 4391 utrisquel”
987 4307 1082 4387 Quod
1106 4330 1180 4373 cunr
1210 4310 1312 4393 juxta
1334 4310 1531 4375 mandatum

477 4412 582 4476 {saneti
618 4411 714 4473 lactus
749 4409 934 4494 peregisset,
972 4410 1100 4474 invenit
1135 4412 1241 4474 virum
1281 4412 1460 4496 propitium
1497 4422 1533 4479 et

478 4515 603 4579 laeilenr
628 4514 783 4588 datorem,
800 4520 833 4574 ct
856 4512 971 4595 conjici
996 4519 1126 4597 poterat
1148 4536 1189 4577 ex
1212 4514 1380 4579 hilaritate
1403 4515 1532 4581 datoris

478 4617 631 4681 voluntas
654 4613 862 4678 mandatoris.
