3316 6240
119 1208 122 1213 .
209 1158 349 1219 l'heobald,

209 1224 337 1291 anagn,

374 762 440 825 364
709 776 889 826 narseum
910 778 938 825 s,
960 778 1097 838 ruonra,
1278 765 1356 848 [nm.
1377 781 1425 829 rv.

423 986 503 1071 (52.)
527 986 575 1052 De
596 986 707 1053 caelite
728 987 771 1053 ia
792 987 1000 1074 aaparlitioac
1023 987 1211 1059 Hiberniae
1233 996 1375 1055 stortae.

422 1122 571 1187 Merebat
594 1124 629 1186 in
651 1124 767 1189 eastris
790 1124 990 1209 Hybernieee
1021 1126 1241 1210 expeditionis
1263 1125 1326 1189 sub
1348 1149 1425 1213 rege

378 1224 521 1291 Henrico
544 1225 638 1290 miles
668 1226 883 1293 Theobmdus.
930 1227 1094 1307 Quicum
1125 1229 1195 1293 dies
1224 1228 1353 1313 aliquot
1376 1230 1426 1291 in-

209 1291 360 1409 digem,
378 1326 568 1412 aequalitate
591 1328 732 1413 corporis
756 1328 966 1405 detineretur,
989 1329 1032 1393 ad
1056 1334 1203 1393 extrema
1226 1329 1344 1394 ductus
1367 1334 1425 1393 est.

211 1422 279 1474 Irislr
290 1439 349 1483 war,

210 1490 233 1539 ia
244 1491 358 1541 restored

210 1564 239 1607 to
248 1555 298 1608 aa

379 1429 530 1493 Instante
561 1429 642 1494 hora
672 1430 785 1515 itaque
818 1430 868 1493 sui
892 1452 1051 1506 excessus,
1084 1430 1187 1494 sensit
1217 1431 1260 1495 ab
1291 1431 1427 1516 inguine

380 1532 432 1617 (ea
446 1532 535 1596 enim
558 1538 651 1617 parte
674 1533 869 1619 aegrotabat)
887 1533 1002 1598 mortis
1025 1554 1157 1599 eausam
1179 1534 1222 1598 ad
1245 1534 1427 1618 superiores

378 1637 488 1719 partes
517 1654 686 1718 erumpere
716 1639 751 1698 ct
773 1632 890 1698 vitalia
919 1654 1084 1719 occupare.
1142 1634 1294 1699 Assiduis
1324 1634 1427 1718 igitur

379 1734 575 1800 clamoribus
597 1735 728 1799 beatam
752 1734 890 1799 Mariam
913 1741 948 1799 et
978 1740 1128 1800 sanctum
1152 1735 1310 1800 Thomam
1334 1737 1427 1800 invo-

379 1838 483 1912 cabat,
515 1842 550 1902 et
571 1836 700 1902 vicibus
731 1836 867 1902 alternis
901 1845 918 1871 “
934 1837 1096 1914 Miserere,
1121 1838 1235 1903 beata!
1266 1838 1428 1915 Miserere,

381 1947 398 1972 ‘⁴
420 1939 534 2003 beate!
550 1936 566 1963 ''
605 1937 792 2023 replicabat.
861 1937 916 2003 Sic
953 1938 1105 2015 clamans,
1149 1945 1183 2004 et
1222 1946 1261 2005 ut
1299 1946 1429 2025 poterat

380 2040 535 2105 obnixius
558 2061 661 2116 orans,
678 2039 817 2104 excessit
839 2061 861 2104 a
882 2061 1022 2125 corpore.
1085 2041 1162 2105 Non
1186 2042 1273 2105 enim
1299 2042 1428 2107 exitum

380 2162 477 2205 suum
510 2140 709 2205 confessione
739 2141 913 2217 munierat,
935 2148 995 2207 aut
1024 2140 1099 2206 aliis
1123 2142 1349 2209 ecclesiasticis
1376 2163 1427 2207 sa·

298 2328 304 2337 .
380 2244 564 2322 oramentis,
596 2243 650 2307 vel
679 2249 813 2329 propter
842 2243 1094 2328 expeditionem,
1125 2245 1179 2309 vel
1214 2244 1323 2330 gentis
1354 2245 1427 2308 bar-

217 4230 274 4280 Tlra

217 4295 330 4346 author’s

218 4362 321 4425 opinion
333 4358 362 4409 ol

217 4429 262 4479 the
274 4426 341 4476 Irish

220 4510 279 4545 war.

380 2348 513 2425 baricm,
537 2347 631 2433 cujus
654 2346 801 2432 linguam
824 2346 991 2411 nesciebat
1010 2347 1095 2430 (erat
1116 2368 1258 2431 namque
1282 2347 1322 2411 de
1345 2368 1429 2431 pago

380 2449 564 2536 Anglicano
587 2447 847 2533 Hamtunefort),
864 2448 917 2512 vel
941 2454 1075 2533 propter
1097 2449 1330 2535 negligentiam
1355 2470 1430 2533 quae

381 2550 445 2615 sibi
467 2550 566 2636 longa
588 2550 668 2615 vitae
699 2555 848 2633 tempora
869 2549 1044 2633 promittit,
1068 2555 1102 2614 et
1132 2571 1238 2614 seram
1265 2548 1429 2634 poeniten-

381 2652 463 2717 tiam
487 2651 668 2728 constituit,
699 2650 876 2715 terminum
907 2656 1033 2717 certum
1063 2652 1100 2715 in
1131 2653 1254 2718 incerto
1284 2656 1431 2736 tempore

382 2754 562 2842 praefigens
595 2758 630 2818 et
662 2750 800 2817 fallens1
834 2773 876 2816 se.
933 2752 1021 2817 Nam
1044 2754 1211 2838 quianon
1245 2752 1321 2817 vult
1355 2774 1430 2817 cum

382 2863 500 2945 potest,
531 2855 694 2921 inflictum
726 2858 776 2917 est
799 2852 830 2917 ei
860 2874 927 2918 non
958 2875 1051 2939 posse
1081 2877 1156 2920 cum
1186 2855 1276 2920 velit.
1334 2854 1430 2918 Exsi-

383 2960 541 3026 lientibus
563 2955 850 3032 commilitonibus,
874 2956 946 3040 (qui
970 2957 1064 3040 quasi
1087 2957 1307 3043 quadraginta
1329 2980 1431 3043 parvo

383 3062 526 3149 hospitio
549 3064 682 3147 propter
712 3057 900 3144 augustiam
924 3058 1065 3124 locorum
1097 3080 1172 3123 cum
1195 3081 1254 3124 suo
1276 3060 1431 3146 signifero

385 3164 529 3251 congesti
561 3162 727 3227 molestias
757 3159 976 3245 expeditionis
1006 3160 1236 3246 sustinebant)
1260 3169 1294 3227 et
1320 3163 1432 3228 lumen

385 3265 611 3340 inferentibus,
642 3263 799 3327 inventus
841 3265 893 3327 est
925 3261 1050 3347 rigidus
1086 3268 1120 3326 et
1152 3263 1300 3349 frigidus,
1332 3270 1366 3328 et
1396 3265 1432 3327 in

384 3391 460 3434 area
490 3366 661 3455 expositus
693 3370 750 3429 cst.
813 3363 1019 3450 Plangebant
1052 3370 1164 3429 autem
1199 3387 1311 3430 omnes
1343 3366 1431 3451 quod

385 3472 454 3537 sine
479 3469 600 3534 viatico
632 3467 851 3543 morientium,
876 3468 963 3553 quod
994 3466 1030 3530 in
1052 3468 1129 3544 acie,
1153 3468 1241 3552 quod
1264 3469 1300 3532 in
1321 3471 1432 3554 proxi-

385 3593 512 3637 morum
536 3568 768 3656 persecutione,
801 3568 888 3633 sicut
917 3574 952 3633 et
981 3568 1187 3655 plangendus
1218 3575 1296 3647 erat,
1324 3571 1431 3636 deces-

385 3676 487 3741 sisset.

431 3776 547 3841 Frater
570 3795 647 3839 vero
679 3773 758 3858 ejus
783 3795 869 3836 unus
893 3795 933 3837 cx
959 3772 1245 3851 commilitonibus,
1271 3775 1434 3841 Henrieus

385 3878 526 3953 nomine,
549 3875 643 3960 cujus
676 3895 731 3939 cor
762 3872 855 3937 dolor
885 3873 985 3937 altius
1017 3875 1270 3951 exulceraverat,
1301 3877 1433 3941 nornine

385 3978 533 4045 defuncti
572 3979 667 4040 beato
702 3976 839 4059 martyri
880 3997 999 4039 munus
1033 3976 1229 4061 assignabat,
1265 3976 1306 4037 de
1340 3978 1433 4060 cujus

385 4084 511 4149 meritis
534 4086 669 4145 eatenus
685 4078 870 4143 confidebat
884 4084 923 4142 ut
945 4078 1080 4143 lintrem
1101 4080 1163 4142 sibi
1188 4080 1315 4143 restitui
1341 4102 1434 4164 posse

386 4191 538 4273 speraret.
595 4182 732 4246 Factum
765 4187 816 4244 est
842 4181 945 4267 igitur
975 4204 1040 4246 non
1072 4184 1142 4246 sine
1173 4202 1270 4246 causa
1297 4182 1331 4245 in
1359 4205 1433 4247 eon-

387 4294 503 4375 spectu
538 4306 651 4351 corum
682 4283 741 4367 qui
772 4283 842 4347 sine
880 4304 979 4348 causa
1000 4284 1167 4369 proximos
1196 4304 1272 4347 suos
1296 4283 1435 4347 incnnes

386 4388 627 4476 mquietabant,
659 4386 900 4467 nationemque,
924 4385 1077 4467 quamvis
1100 4384 1259 4449 incultam
1294 4390 1329 4447 et
1362 4386 1434 4447 lar-

386 4501 508 4574 baram,
552 4505 666 4562 tamen
709 4493 876 4559 cultricem
921 4492 996 4553 fidei
1045 4498 1080 4556 et
1117 4491 1317 4557 Christiana)
1361 4490 1435 4553 reli-

487 4636 543 4643 1-
567 4633 701 4643 ---u——o-
783 4630 816 4638 .-.
831 4620 857 4636 α’
891 4628 1027 4636 ...ι-...-
1058 4628 1097 4635 ..ιι
1118 4628 1137 4637 0·—
1169 4628 1178 4635 0

818 4695 825 4725 ¹
837 4694 945 4757 Jirllnnr,
958 4696 1013 4745 MS.
