3316 6240
360 741 426 803 454
694 755 873 806 umscum
894 757 920 805 s.
944 757 1082 820 mous,
1266 743 1344 828 [um.
1360 758 1400 809 ru

360 954 477 1000 vocare
499 935 628 1020 coepit3.
641 955 719 1000 nam
743 934 812 1000 solo
834 934 975 1001 clamore
998 935 1061 1000 sibi
1084 935 1260 1002 subvenire
1290 935 1408 1022 potuit.

364 1034 430 1115 Qui
452 1034 608 1101 liberavit
624 1058 707 1101 eum.
760 1036 921 1102 Jumento
936 1037 1024 1101 enim
1040 1038 1191 1114 contrito,
1209 1037 1351 1125 bigoque
1373 1038 1411 1101 in

362 1138 472 1224 plures
495 1145 604 1225 partes
628 1140 800 1218 confracta,
823 1142 893 1226 ipse
916 1141 1069 1226 quamvis
1085 1141 1230 1219 obrutus,
1247 1146 1282 1207 et
1304 1142 1411 1207 multa

362 1241 448 1306 mole
470 1242 626 1328 sepultus,
650 1248 763 1308 tamen
785 1243 858 1307 vita
880 1263 947 1307 non
970 1249 1021 1308 est
1043 1243 1214 1329 privatus3
1236 1244 1410 1309 invocatus

362 1344 484 1430 quippe
507 1332 722 1411 conservabat
752 1346 971 1422 invocantem,
995 1349 1030 1409 et
1055 1367 1132 1410 cum
1163 1351 1410 1411 contererentur

363 1466 437 1530 quae
452 1446 614 1511 validiora
647 1452 748 1524 erant,
771 1447 882 1511 minus
913 1447 1045 1510 firmum
1077 1453 1112 1510 et
1145 1447 1261 1534 fragile
1284 1449 1409 1513 conteri

363 1571 430 1615 non
453 1551 589 1628 sinebat,
612 1557 651 1616 ut
673 1552 835 1617 mirabilis
858 1552 1038 1617 mirabilior
1060 1552 1162 1617 fieret.
1208 1553 1307 1618 Unde
1333 1575 1408 1618 cum

361 1653 402 1717 de
439 1651 596 1718 nuntiata
632 1654 730 1719 ruina
766 1654 888 1719 clamor
925 1654 1103 1731 tolleretur,
1141 1655 1411 1721 concurrentibus

362 1754 690 1840 comprovincialibus
704 1757 843 1821 inventa
858 1762 937 1822 sunt
956 1757 1146 1840 jumentum
1169 1762 1204 1822 et
1219 1759 1297 1844 biga
1308 1758 1410 1841 juxta

362 1855 451 1941 quod
483 1855 609 1921 dictum
649 1862 700 1921 est
731 1857 880 1922 contrita
935 1857 1076 1922 Juvenis
1107 1880 1185 1924 vero
1216 1859 1344 1944 spirans
1376 1863 1411 1923 et

363 1958 471 2025 adhuc
493 1959 617 2023 habens
640 1960 676 2023 in
699 1981 754 2025 ore
784 1981 843 2025 suo
870 1981 990 2025 nomen
1013 1961 1169 2045 martyris
1193 1961 1328 2026 effossus
1351 1967 1410 2039 est,

362 2059 447 2123 nihil
478 2059 603 2124 habens
637 2060 673 2124 in
703 2058 846 2146 'corpore
887 2060 1032 2126 laesionis
1066 2066 1187 2146 prester
1224 2062 1353 2147 pondus
1375 2067 1411 2127 et

361 2160 526 2229 molestius
548 2162 772 2247 oppressionis.

396 2395 476 2483 (49)
500 2393 549 2462 Dc
566 2394 755 2483 presbytero
778 2417 876 2482 quam
897 2395 1025 2462 testudo
1048 2395 1168 2462 euclem
1190 2417 1264 2462 nou
1286 2395 1379 2462 loesit.

191 2548 282 2621 11¹¹th
292 2571 309 2605 Β
407 2551 449 2615 In
472 2551 553 2616 villa
575 2552 732 2616 territorii
767 2551 984 2616 Luxoviensis
1015 2573 1114 2637 quam
1146 2552 1278 2617 Fontes
1297 2554 1411 2640 appel-

191 2621 330 2738 ffissfffl
359 2653 440 2730 lant,
473 2653 612 2738 martyri
650 2653 785 2719 Thomae
820 2659 1045 2721 constructum
1078 2655 1188 2720 fuerat
1221 2655 1332 2733 altare
1356 2657 1410 2721 cui

193 2757 245 2870 (ἲ)
254 2754 334 2804 mehe
360 2755 493 2821 testudo
527 2756 799 2841 supereminebat,
837 2755 946 2841 ipsum
984 2761 1019 2821 et
1055 2755 1149 2821 aliud
1186 2758 1289 2822 altare
1324 2780 1409 2824 eom-

192 2819 337 2946 Lilieegli
360 2856 515 2942 plectens
564 2856 627 2923 Oui
658 2858 801 2941 quadum
828 2858 883 2922 die
905 2858 1092 2944 suppositas
1115 2860 1288 2945 presbyter
1310 2859 1410 2976 Ilugo

190 2955 327 3070 stffffil
360 2981 436 3027 cum
458 2959 575 3026 clerico
598 2980 656 3024 suo
672 2961 795 3025 cintras
810 2960 944 3025 amovit.
992 2959 1120 3040 Quibus
1142 2960 1410 3027 amous1minus
1477 3032 1480 3038 ,

191 3087 236 3137 nu
247 3085 318 3137 osan
360 3063 601 3129 tenacitero
536 3059 768 3178 agglutinata²
782 3062 916 3126 testudo
931 3062 1063 3127 devolvi
1080 3063 1188 3148 coepit
1234 3062 1410 3148 Presbyter

191 3154 262 3205 “¹⁰¹¹
361 3172 473 3233 autern
497 3164 602 3230 ruinae
625 3164 822 3251 suppositus,
846 3187 921 3230 cum
946 3186 1007 3230 nec
1033 3164 1141 3231 locum
1171 3164 1321 3252 fugiendi
1350 3189 1411 3233 nec

362 3273 493 3353 tempus
530 3266 676 3343 haberet,
711 3265 867 3351 martyris
913 3265 1047 3331 Thomae
1080 3286 1201 3331 nomen
1232 3267 1407 3332 invocavit

362 3369 509 3433 Ruinosa
531 3372 644 3432 tamen
679 3368 781 3432 moles
816 3366 1031 3431 nihilominus
1052 3390 1164 3454 super
1195 3375 1295 3454 caput
1315 3369 1407 3434 invo-

361 3470 468 3537 cantis
502 3469 685 3554 procubuit,
713 3468 778 3544 sed,
802 3468 951 3533 mirabile
982 3469 1082 3547 dictu,
1106 3469 1216 3555 capiti⁴
1240 3472 1409 3557 supposito

361 3592 478 3638 nocere
500 3591 568 3635 non
590 3570 709 3655 potuit
755 3569 958 3636 Vociferanti
974 3572 1096 3657 quippe
1111 3593 1231 3637 nomen
1245 3574 1409 3659 martyris,

364 3675 474 3752 immo,
509 3673 635 3738 nomini
667 3673 831 3757 martyris,
865 3673 989 3758 lapides
1021 3678 1244 3759 pepercerunt,
1276 3680 1409 3741 etcum

369 3777 589 3843 calceamenta
626 3780 794 3839 mutorum
833 3775 955 3860 pedum
987 3774 1148 3841 violenter
1185 3776 1409 3855 concidissent,

365 3884 466 3966 caput
488 3877 727 3943 Thomisonans
749 3876 888 3942 illaesum
913 3876 1061 3944 timorati
1084 3883 1326 3944 conservanmt.

365 4117 444 4203 (50.)
468 4115 516 4180 Dc
552 4112 662 4180 milite
697 4112 760 4198 qut
790 4111 918 4177 culm
951 4132 1024 4176 noea
1056 4110 1190 4178 increuit
1220 4110 1262 4178 ia
1292 4107 1410 4180 'rimosa

407 4219 565 4285 meteret
552 4223 589 4282 tu
606 4221 710 4302 propt
711 4236 746 4280 cr
768 4212 1016 4281 invocationem
1044 4214 1208 4300 emeterio
1233 4214 1371 4282 Tlmmcc.

193 4363 340 4424 menatae
408 4356 449 4420 In
472 4356 585 4421 eadem
607 4354 689 4420 villa
710 4354 804 4418 miles
827 4352 997 4429 Ricardus,
1020 4375 1149 4439 magum
1165 4354 1383 4419 devotionis
1374 4380 1410 4421 rn

191 4430 326 4548 fflim‘g
362 4464 521 4535 sanctum,
546 4459 582 4522 in
604 4463 718 4523 sancta
741 4457 812 4543 ojus
835 4456 1034 4520 solennitate
1068 4477 1169 4542 grave
1191 4457 1313 4521 vulnus
1336 4481 1408 4544 per-

395 4640 509 4701 1ιιηιοτο,
520 4641 576 4693 MS.
874 4643 878 4704 Ι
926 4637 1053 4704 ²eisqqlt
1054 4648 1145 4699 natata,
1158 4639 1215 4690 MS.
