3316 6240
384 821 449 883 486
718 836 897 885 ursaceus
920 840 943 886 s.
968 839 1104 901 ruens,
1293 825 1372 910 [ma.
1391 840 1441 888 vr.

384 1021 542 1086 rabilibus
565 1028 599 1087 et
614 1024 801 1088 enormibus
817 1027 961 1092 vexabat
984 1027 1121 1111 injuriis.
1170 1028 1308 1093 Interim
1332 1047 1440 1090 uxore

384 1125 526 1189 consulis
555 1125 751 1211 applicante,
774 1136 808 1192 et
839 1130 872 1191 in
905 1131 1044 1214 triginta
1079 1131 1220 1194 navibus
1247 1131 1313 1196 late
1337 1130 1440 1193 littus

385 1226 598 1313 occupantes,¹
639 1229 758 1294 accidit
792 1231 932 1314 quodam
968 1232 1155 1297 futurorum
1186 1233 1346 1318 praesagio
1384 1251 1439 1293 res

385 1329 486 1414 digna
509 1332 621 1396 relatu.

218 1427 345 1507 '1³3¹th-
431 1431 518 1495 Narn
542 1432 798 1498 discurrentibus
821 1439 855 1498 et
873 1435 1107 1520 diripientilms
1128 1435 1322 1522 alienigenis
1346 1455 1439 1519 (μηθ-

217 1510 369 1637 ζῖᾞῖήῃε
386 1554 449 1616 que
483 1540 643 1618 poterant,
672 1536 781 1618 potius
813 1543 1042 1621 paupertatem
1075 1559 1174 1622 quam
1208 1537 1438 1623 preestantiam

216 1627 312 1743 3¹:¹³3
324 1695 354 1744 of
386 1656 478 1698 suam
510 1635 754 1718 prostituerant.
816 1636 992 1722 Presbyter
1014 1639 1184 1704 «Iohannes
1214 1639 1303 1705 villae.
1335 1638 1438 1701 (late-

216 1758 368 1825 Gergesa?
386 1758 494 1822 grave,
525 1736 645 1801 timens
668 1739 810 1804 ecclcsiae
834 1762 910 1816 suae,
934 1741 969 1804 in
992 1763 1091 1825 quam
1115 1741 1333 1827 provinciales
1348 1740 1439 1803 bona

216 1828 446 1955 {maffeus
460 1844 695 1923 congesserant,
719 1839 811 1903 dedit
834 1840 880 1904 eis
904 1864 944 1905 ex
960 1843 1177 1907 conventione
1200 1841 1379 1928 pecuniam,
1397 1846 1438 1904 ut

217 1955 352 2022 ingemet.
386 1938 439 2003 vel
462 1938 532 2004 loco
555 1961 645 2005 sacro
676 1940 847 2006 deferrent.
895 1942 960 2022 Qui
991 1943 1207 2008 nihilominus
1231 1943 1368 2027 direptis
1392 1963 1436 2005 cx

217 2022 262 2071 ¹¹¹·
386 2048 479 2128 parte
503 2063 576 2126 quur
600 2042 816 2107 servabantur
838 2044 873 2107 in
889 2044 955 2119 illa,
976 2045 1196 2109 condixerunt
1218 2045 1346 2109 auferre
1361 2064 1438 2127 quse

385 2144 512 2228 reliqua
534 2144 666 2208 fuerant
696 2145 828 2220 occulte,
853 2150 887 2209 et
919 2152 1089 2232 surgentes
1120 2152 1198 2212 ante
1221 2147 1335 2221 lucem,
1358 2166 1434 2209 cum

385 2245 603 2311 luminaribus
625 2245 781 2310 universa
810 2248 1006 2332 perscrutati
1030 2253 1115 2312 sunt.
1172 2249 1291 2312 Stabat
1322 2253 1434 2312 autem

385 2347 519 2434 quidam
558 2370 599 2412 ex
638 2348 716 2432 ipsis
754 2349 796 2412 ad
831 2349 952 2413 ostium
990 2350 1173 2426 observans,
1209 2349 1302 2433 cujus
1336 2370 1437 2433 super

386 2450 592 2515 liminaribus
624 2448 816 2514 crucifixum
840 2450 1011 2535 presbyter
1033 2450 1202 2529 affixerat;
1234 2451 1290 2536 qui
1314 2449 1435 2515 tollens

384 2551 493 2616 oculos
515 2551 558 2615 ad
585 2556 693 2615 ortum
725 2552 927 2636 erumpentis
957 2573 1090 2629 aurose,
1120 2560 1234 2638 guttas
1265 2551 1437 2636 sanguinis

384 2652 514 2738 excepit
548 2651 583 2715 in
613 2651 695 2717 facie
729 2652 910 2717 defluentes
940 2674 961 2717 a
991 2675 1105 2732 crueo;
1139 2676 1221 2738 quas
1243 2655 1376 2718 intuens
1399 2658 1436 2717 et

384 2753 535 2818 manibus
558 2754 747 2839 abstergens
771 2775 839 2838 pne
855 2760 987 2839 stupore
1003 2755 1199 2823 vociferatus
1223 2762 1280 2832 est,
1305 2764 1321 2788 “
1334 2754 1435 2838 Fugi-

385 2865 401 2890 “
423 2862 537 2920 arnus!
561 2856 745 2941 fugiamus!
768 2856 838 2920 sine
861 2857 961 2921 dubio
985 2857 1093 2922 cuncti
1119 2856 1288 2942 perimus.’'
1346 2856 1434 2920 Con-

382 2957 522 3023 sternati
566 2957 615 3020 illi
650 2963 685 3022 ct
721 2958 900 3033 conterriti,
941 2958 1169 3023 exsufflantes
1203 2957 1434 3043 superirruisse

383 3058 510 3143 aliquos
544 3058 601 3143 qui
634 3055 697 3122 sibi
730 3058 875 3143 praedam
902 3064 1102 3135 excuterent,
1134 3060 1175 3123 ad
1209 3080 1332 3124 carram
1367 3080 1434 3142 quo

372 3160 494 3227 lanam
529 3166 563 3224 et
600 3159 725 3225 variam
756 3161 992 3245 supellectilem
1032 3166 1318 3246 comportaverant
1355 3161 1433 3223 sub

383 3261 513 3337 sistunt,
552 3261 639 3345 quod
678 3260 812 3324 remulis
845 3261 972 3326 duobus
1009 3261 1153 3347 alligatis
1185 3267 1355 3346 oeperunt
1388 3262 1432 3325 ad

381 3385 482 3428 naves
505 3361 635 3427 trahere
658 3361 749 3426 velle.
810 3361 854 3426 Et
875 3363 970 3428 venit
992 3368 1106 3449 stupor
1128 3385 1225 3448 super
1247 3368 1433 3447 stuporem

380 3485 458 3527 nam
482 3463 610 3527 circiter
633 3463 801 3546 octoginta
824 3463 912 3539 viris,
935 3464 1009 3528 aliis
1032 3464 1248 3540 trahentibus,
1272 3464 1345 3529 aliis
1369 3464 1430 3527 im-

380 3561 587 3648 pellentibus,
610 3562 680 3626 loco
711 3562 843 3646 penitus
874 3563 1017 3629 birotum
1044 3566 1168 3630 moveri
1193 3586 1259 3630 non
1281 3569 1433 3650 poterat;

382 3669 416 3729 ot
439 3669 534 3729 tanta
556 3662 739 3727 stabilitate
766 3664 887 3729 fixerat
916 3665 1133 3732 mobilitatem
1158 3674 1302 3731 rotarum
1326 3687 1429 3730 sacer-

381 3767 441 3831 dos
463 3787 567 3841 orans,
592 3766 699 3842 immo,
724 3768 828 3832 sancti
853 3768 1006 3844 invocati,
1026 3770 1083 3853 qui
1107 3768 1428 3855 comprovincialium

381 3868 577 3954 protectioni
612 3867 838 3953 providebant,
862 3873 902 3932 ut
933 3875 1068 3935 onorata
1100 3871 1176 3955 biga
1206 3872 1340 3935 dimissa
1366 3870 1430 3933 dif-

380 3971 540 4056 fugerent.
603 3970 644 4033 In
680 3970 774 4054 cujus
811 3971 858 4034 rei
896 3972 1087 4036 memoriam
1120 3994 1222 4056 usque
1252 3973 1429 4056 inpnesen-

380 4073 502 4138 tiarum
526 4077 615 4136 rotas
637 4072 810 4157 presbyter
831 4072 920 4156 apud
951 4095 985 4137 so
1008 4095 1138 4138 servare
1162 4074 1297 4159 dignum
1321 4073 1428 4137 duxit.

211 4182 366 4248 Thebishop
425 4173 490 4254 Qui
524 4194 598 4238 cum
622 4172 832 4237 consulturus
864 4173 1051 4259 episcopum
1083 4197 1178 4238 suum
1211 4196 1309 4259 super
1335 4195 1428 4239 cruce

210 4264 357 4301 ‘'¹⁰⁰¹''¹¹¹¹¹‘
378 4296 453 4359 quae
476 4274 635 4359 sanguine
651 4272 836 4337 stillaverat
850 4271 1064 4339 discalceatus
1087 4275 1229 4352 adiisset,
1254 4282 1288 4339 et
1310 4281 1429 4339 cuncta

210 4316 348 4437 didimus
378 4398 452 4461 quae
490 4376 697 4461 contigerant
734 4373 907 4451 retulisset,
946 4374 1065 4440 duetus
1096 4375 1151 4439 ille
1188 4376 1257 4440 zelo
1285 4374 1427 4458 justitia

381 4532 406 4540 ..
418 4534 444 4540 -
454 4534 468 4539 .-
476 4532 656 4541 ----—--...
664 4532 791 4541 .·—--·---.
799 4531 1059 4540 ---—----
1067 4534 1083 4539 -
1091 4533 1308 4541 ———-
1325 4532 1395 4539 .-——

527 4616 534 4649 ¹
552 4621 708 4679 ‹aeumnrer

525 4693 535 4726 ²¹
552 4695 680 4758 h‘omrerly
692 4709 707 4742 a
719 4693 822 4744 distinct
833 4693 926 4759 paridi,
939 4709 994 4743 now
1007 4692 1124 4743 included
1136 4692 1161 4742 iu
1175 4693 1281 4745 Orlord.
