3316 6240
217 1215 273 1265 'l'lre
282 1218 353 1267 arch·

218 1282 310 1347 bialrop

215 1348 273 1397 falb
286 1350 348 1401 sick.

211 4036 251 4087 lle
265 4054 324 4088 con-

210 4104 273 4153 sults
285 4104 323 4153 his

212 4170 362 4235 suffragans.

767 826 849 875 VITA
872 828 896 875 S.
920 828 1059 887 TllOMAE,

677 1048 756 1133 (22.)
780 1048 979 1134 lrrfrrurmtio
1004 1049 1144 1116 Pbouua

429 1202 606 1289 Postquam
630 1204 683 1266 vir
705 1203 768 1268 Dei
791 1224 812 1269 a
834 1204 960 1291 laqueis
983 1227 1095 1271 corum
1121 1206 1260 1272 evadere
1284 1229 1351 1273 non
1374 1230 1432 1293 po-

384 1310 456 1381 test,
480 1326 540 1370 nec
562 1306 643 1370 alias
666 1305 815 1371 inducias
838 1312 1040 1391 extorquere,
1064 1309 1107 1373 ad
1129 1308 1310 1393 hospitium
1333 1332 1430 1375 suurn

383 1428 531 1471 reversus
554 1406 650 1473 iliaca
671 1408 830 1491 passione,
854 1429 920 1493 qua
944 1410 1063 1493 sepius
1098 1410 1276 1487 laborabat,
1314 1412 1433 1475 vexari

382 1508 491 1592 erepit,
514 1509 595 1573 arloo
620 1514 658 1572 ut
680 1509 763 1573 lecto
786 1508 980 1595 affigeretur.
1012 1511 1113 1577 Facto
1135 1533 1231 1576 mane
1246 1512 1289 1576 orl
1305 1512 1429 1578 curiam
1517 1526 1525 1533 '

382 1611 564 1675 accersitur.
623 1611 768 1676 Stet-'itur
790 1612 826 1675 in
856 1612 1032 1677 absentem.
1080 1614 1304 1679 Renuntiatur
1341 1614 1429 1699 quod

382 1718 563 1797 aegrotaret,
603 1720 637 1777 et
674 1712 727 1777 vel
766 1712 902 1778 modica
940 1714 1150 1798 postulantur·
1177 1715 1329 1780 inducite.
1385 1714 1430 1779 Et

383 1813 462 1897 quia
484 1813 664 1898 putabatur
694 1814 855 1898 agritudo
878 1814 967 1899 fingi,
991 1815 1173 1879 mittuntur
1199 1816 1333 1881 comites
1356 1815 1432 1889 due,

384 1914 440 1998 qui
464 1914 509 1978 rei
535 1914 708 1979 veritatem
732 1915 909 1999 inquirant.
956 1914 1085 1995 Quibus
1108 1915 1196 2001 quod
1219 1922 1290 1980 crat
1312 1914 1433 1999 reperi·
1489 1908 1497 1919 '

385 2015 523 2091 entibus,
546 2014 760 2078 nihilominus
783 2022 895 2079 tamen
929 2016 1123 2080 mandatum
1147 2016 1245 2081 curiae
1276 2015 1433 2079 nuntian-

384 2116 481 2193 tibus,
505 2116 635 2201 rogarit
658 2117 798 2182 Thomas
822 2124 860 2180 ut
892 2116 944 2181 vel
968 2138 1070 2203 usque
1093 2118 1136 2182 arl
1159 2138 1254 2181 mane
1288 2116 1354 2181 diei
1377 2138 1428 2181 sc·

384 2220 515 2303 quentis
542 2218 739 2295 srrstirreret,¹
762 2219 936 2304 perhibens
959 2242 1001 2295 se,
1017 2220 1088 2284 sive
1111 2219 1228 2284 melius
1250 2219 1320 2283 sive
1335 2220 1429 2305 pejus

383 2320 566 2397 habentem,
600 2341 692 2385 suam
725 2322 933 2406 praesentiam
966 2318 1200 2394 exhibiturum,
1232 2319 1361 2385 etiamsi
1394 2320 1429 2382 in

382 2421 498 2487 lectica
520 2423 792 2507 transportandus
815 2429 899 2487 esset
924 2423 959 2486 in
990 2422 1122 2488 curiam.
1168 2421 1426 2506 Adquiescentcs

382 2521 432 2586 illi
447 2522 490 2587 ad
505 2523 666 2607 palatium
689 2524 810 2587 reversi
833 2529 919 2586 sunt.
952 2522 1076 2587 Eadem
1100 2523 1152 2587 die
1175 2544 1280 2587 sermo
1303 2542 1427 2607 perere·

383 2622 464 2698 buit,
489 2630 523 2687 et
545 2644 565 2687 a
587 2623 753 2687 nobilibus
775 2624 972 2708 quibusdam
996 2623 1129 2689 Thomae
1151 2624 1343 2688 nuntiatum
1366 2630 1425 2701 est,

384 2724 522 2807 quodsi
548 2724 599 2787 sui
632 2724 759 2809 copiam
793 2724 912 2790 faceret
945 2725 980 2788 in
1013 2726 1111 2801 curia,
1135 2724 1189 2789 vol
1212 2725 1432 2790 trucidaretur

383 2823 435 2889 vel
459 2824 495 2888 in
516 2846 641 2891 carcere
664 2832 838 2891 teneretur.
901 2826 1032 2891 Timens
1056 2826 1159 2912 igitur·
1192 2826 1256 2890 sibi
1288 2825 1429 2891 Thomas

382 2926 436 2991 vel
458 2928 597 3013 peccatis
620 2928 687 2993 suis
712 2929 872 3011 (nondum
895 2928 983 2993 enim
1021 2948 1055 2992 se
1087 2928 1245 3013 martyrio
1269 2927 1432 2993 sentiebat

381 3029 548 3113 idoneum)
584 3052 605 3095 a
628 3030 778 3116 religioso
809 3029 950 3113 quodam
975 3030 1010 3093 in
1033 3030 1168 3093 rno'rritis
1190 3030 1316 3115 accepit
1338 3030 1426 3113 quod

382 3132 595 3195 inhonorem
628 3132 716 3195 beati
749 3131 1000 3217 protomartyris
1034 3130 1196 3215 Stephani
1219 3131 1273 3195 die
1295 3138 1426 3215 postera

381 3232 514 3296 missam
537 3231 721 3305 celebraret,
745 3253 786 3296 ne
809 3232 1069 3296 adversariorum
1092 3232 1289 3316 protervitas
1311 3232 1426 3297 adver·

382 3353 454 3395 sum
477 3353 511 3396 se
535 3330 734 3416 praevaleret.
775 3332 882 3412 Quam
905 3354 979 3399 cum
1002 3333 1115 3399 debita
1130 3334 1303 3399 devotione
1322 3334 1423 3419 juxta

381 3432 526 3496 monitus
560 3432 759 3510 celebrasset,
794 3436 885 3517 (nam
919 3434 1093 3520 corporalis
1126 3435 1301 3500 infirmitas
1334 3456 1427 3501 suam

381 3534 513 3598 interim
556 3533 739 3599 molestiam
786 3536 1031 3621 suspendebat)
1084 3542 1217 3603 vocatos
1255 3536 1426 3603 consulens

380 3635 601 3721 suffraganeos
624 3656 706 3713 suos,
730 3636 779 3701 ait
792 3660 844 3700 :-

558 3876 637 3961 (23.)
662 3873 731 3941 llic
753 3874 981 3960 srptiupaaeos
1003 3895 1079 3941 saca
1101 3874 1253 3941 coresrrb't.

423 4030 539 4111 “Quid
561 4032 598 4093 in
621 4036 716 4094 tanta
737 4030 925 4095 turbatione
949 4030 1038 4096 sactu
1060 4030 1267 4116 potissimum
1294 4032 1423 4117 judica·

379 4139 395 4165 “
418 4132 470 4208 tis,
486 4131 602 4197 fratres
625 4138 660 4195 et
682 4131 886 4218 coepiscopi?
932 4131 1040 4198 Causa
1061 4132 1149 4198 enim
1172 4138 1283 4197 vostra
1304 4134 1422 4217 agitur,

379 4242 396 4267 “
418 4235 504 4300 sicut
535 4240 569 4299 et
603 4253 693 4311 mea3
716 4233 825 4307 immo,
848 4233 963 4297 matris
996 4239 1123 4311 nostrae,
1148 4232 1176 4297 si
1200 4232 1260 4297 filii
1284 4233 1425 4300 ecclesiae

380 4336 592 4422 “reputandi
627 4356 746 4399 sumus.
810 4334 980 4415 Quomodo
1013 4336 1101 4400 onim
1135 4336 1273 4422 speratis
1307 4336 1419 4401 domui

379 4446 395 4470 “
417 4445 535 4503 vestrae
558 4436 770 4522 refrigerium,
795 4455 870 4502 crrm
894 4437 929 4499 in
952 4437 1102 4521 proximo
1134 4437 1258 4523 pariete
1280 4437 1422 4502 videatis

801 4688 809 4720 ¹
828 4688 973 4737 sustinerent
981 4692 993 4735 i
