3316 6240
365 748 409 810 40
614 730 618 735 ’
744 756 826 804 vrrs
848 756 873 804 s,
897 756 1034 814 monn,

367 940 503 1004 alterius
534 960 612 1004 vero
643 944 827 1025 cognatum,
853 938 940 1023 quod
975 938 1010 1002 in
1042 959 1102 1002 suu
1134 938 1328 1023 cognatione
1359 938 1422 1001 mi-

367 1040 476 1105 nime¹
508 1042 704 1127 contigisset,
729 1042 771 1105 ob
793 1041 915 1105 crimen
950 1039 1064 1123 laque-0
1096 1062 1296 1123 suspensum.
1344 1038 1422 1103 Per-

369 1143 530 1207 transiens
554 1166 629 1207 vero
653 1142 861 1207 scurrilitatis
893 1142 1070 1225 opprobria
1093 1141 1187 1205 venit
1217 1142 1422 1224 adponam.

370 1244 458 1325 Quid
481 1245 604 1310 faeiat?
650 1244 811 1308 Obsomta
839 1243 1022 1307 tenebatur.
1070 1240 1235 1307 Cata-um
1259 1242 1426 1307 Dominus

368 1346 503 1411 athleta¹
519 1369 577 1410 suo
594 1347 724 1431 paravit
739 1367 910 1431 egressum,
957 1344 1045 1409 Nam
1062 1345 1140 1407 dum
1157 1344 1298 1429 portitor
1318 1364 1425 1427 quon·

369 1449 443 1513 dam
478 1449 604 1513 cadens
628 1450 722 1533 virga
753 1448 847 1511 ollieii
884 1447 934 1510 sni
967 1467 1079 1512 euram
1105 1446 1215 1509 minus
1247 1446 1425 1530 diligenter

202 1559 338 1621 Beingde·
369 1550 523 1635 expleret,
547 1551 674 1635 erupit;
709 1550 955 1631 inmnpensque
987 1549 1220 1611 monasterium
1253 1547 1341 1631 quod
1374 1545 1422 1609 ini

199 1626 343 1754 ᾒῗξῖρῗζ
371 1652 405 1713 in
438 1651 594 1715 honorem
627 1652 716 1715 beati
749 1649 891 1713 Androm
923 1656 1146 1714 constructum
1170 1656 1227 1721 est,
1260 1646 1423 1712 malitium

202 1758 325 1834 ommno
371 1752 435 1817 diei
462 1752 496 1815 in
528 1752 622 1816 laude
646 1752 708 1816 Dei
743 1760 776 1815 et
810 1750 954 1835 eorporis
986 1750 1271 1833 refectiunculam
1304 1750 1424 1813 l'ratres

201 1830 355 1952 ffifflr'ffst
370 1854 515 1938 ejusdem
540 1854 727 1917 monasterii
753 1852 953 1925 tenninavit‚
978 1852 1103 1915 voeatis
1125 1852 1167 1914 ad
1191 1871 1317 1915 emnam
1341 1870 1423 1934 puu-

205 1955 334 2019 supparia
371 1957 509 2040 ruribus,
534 1957 589 2039 qni
615 1956 829 2040 fugitivomm
854 1954 1011 2019 clientum
1035 1952 1105 2017 loca
1128 1973 1261 2016 suorum
1292 1951 1422 2037 sirpple-

201 2020 357 2150 ‘manassae
370 2066 451 2122 rent.
499 2057 665 2120 Timentes
697 2056 784 2120 enim
818 2056 953 2139 quidmn
986 2055 1043 2139 qui
1068 2056 1130 2117 suli
1162 2076 1200 2119 eo
1232 2053 1425 2117 militabant

203 2154 322 2202 nndraw.
370 2160 456 2244 regis
472 2158 739 2244 in‹.lignat-ionem‚
756 2159 783 2222 si
807 2179 881 2224 cnm
898 2158 968 2241 ipso
991 2158 1207 2231 reficerentur,
1224 2157 1331 2241 petita
1345 2155 1425 2219 mis·

372 2260 461 2325 sione
485 2260 709 2325 discesserunt.
757 2258 801 2323 Et
833 2259 995 2324 eredinms
1018 2258 1181 2323 divinitus
1213 2263 1424 2343 procuratum

370 2367 409 2426 ut
430 2363 474 2427 ud
496 2362 609 2426 horam
628 2361 802 2443 januarius
833 2359 902 2425 loco
925 2381 985 2424 suo
1008 2361 1144 2425 eederet.
1168 2382 1209 2423 ne
1241 2358 1424 2444 pnrsulem,

369 2465 428 2548 qui
443 2465 561 2529 cameri
586 2463 821 2535 destinabatur,
838 2462 1058 2547 egnedientem
1075 2463 1270 2526 observaret.
1318 2461 1425 2526 Noetu

370 2572 481 2629 autem
504 2562 859 2632 iueurnl‚›e11te.leetum
882 2584 977 2626 sumu
993 2563 1109 2648 majori
1133 2564 1278 2647 ejusdem
1294 2584 1424 2629 monus·

373 2667 447 2731 terii
471 2666 652 2729 substernit
673 2666 779 2741 altari,
804 2665 1039 2731 cubicularimn
1063 2666 1222 2730 adhibens
1246 2666 1304 2751 qui
1330 2664 1425 2749 quasi

202 2769 358 2835 llosecretly
371 2769 586 2835 dormientem
610 2768 782 2852 prohibeat
813 2768 997 2851 inquietari.
1045 2768 1119 2852 Ipse.
1152 2768 1284 2832 interim
1318 2768 1427 2831 tribus

203 2838 348 2969 mztis}
371 2892 503 2935 suorum
527 2870 776 2935 domesticorum
808 2870 974 2933 duntaxat
996 2870 1133 2934 consciis
1164 2870 1275 2953 fugam
1298 2870 1427 2953 arripit

203 2970 238 3031 lu·
250 2969 329 3035 night.
371 2973 530 3059 guadonis
554 2973 620 3035 suis
644 2972 680 3035 in
705 2970 836 3036 stabulo
860 2971 900 3035 de
923 2970 1088 3035 industria
1120 2971 1269 3035 dimissis.
1318 2972 1430 3056 Igitur

372 3075 433 3139 sub
467 3073 573 3157 primu
613 3072 728 3155 vigilia
759 3072 864 3136 noctis
903 3093 1051 3157 egressus
1084 3093 1104 3136 a
1137 3074 1217 3142 vieo,
1251 3070 1339 3157 oluff
1360 3072 1426 3137 viai

372 3177 553 3242 custodiam
578 3196 644 3238 non
674 3175 812 3249 invenit,
837 3175 1102 3257 pnumeditatum
1127 3176 1252 3240 facinus
1283 3174 1429 3239 declinat

372 3276 415 3341 ad
446 3276 560 3340 horam
583 3286 617 3338 et
649 3295 873 3359 pera'msmnm
906 3274 1075 3339 molimina
1110 3276 1327 3351 consiliorum,
1360 3276 1425 3339 dis·

205 3386 347 3463 Scriptum
374 3396 498 3461 ponens
529 3374 571 3437 ad
591 3374 665 3465 ,loca
688 3374 812 3437 tutiora
836 3374 984 3459 migrare,
1012 3376 1113 3459 justa
1144 3376 1230 3459 quod
1263 3375 1429 3440 Dominus

205 3453 354 3581 ffllffiffiffi
374 3475 525 3562 promisit
547 3482 580 3538 et
606 3474 689 3549 feeit,
716 3475 773 3558 qui
799 3474 909 3561 fugere
933 3476 1039 3540 voluit
1066 3486 1105 3541 ut
1135 3478 1315 3542 auctoritas
1341 3476 1427 3562 lugi·

376 3577 460 3654 endi,
493 3598 567 3642 eum
599 3576 684 3641 ratio
722 3584 875 3661 posceret,
902 3578 1041 3642 daretur.
1099 3579 1199 3663 Fugit
1240 3578 1429 3664 patriarcha

374 3684 485 3745 noster
508 3678 610 3743 Jacob
633 3700 653 3742 a
675 3679 756 3743 faeie
780 3679 891 3744 fratris
914 3680 965 3743 sui
990 3680 1084 3755 Esau,
1102 3688 1136 3745 et
1158 3680 1219 3745 hoe
1235 3703 1276 3745 ex
1293 3679 1431 3746 consilio

375 3782 489 3846 matris
512 3803 587 3857 sna,
608 3795 646 3844 nt
669 3782 876 3866 postmodum
900 3782 1092 3865 disponente
1108 3782 1251 3848 Domino
1274 3804 1341 3847 non
1356 3782 1429 3847 sinu

375 3886 547 3950 benedicta
563 3893 597 3948 et
611 3906 766 3969 generosa
781 3885 890 3950 sobole
906 3892 1065 3949 remearet
1079 3887 1121 3951 ad
1140 3888 1279 3971 propria.
1326 3886 1432 3973 Fugit

377 3986 499 4050 Paulus
522 3991 561 4048 ut
583 3986 657 4049 aliis
679 3986 756 4069 ipse,
781 3986 901 4069 quibus
923 3987 1123 4052 necessarius
1138 3995 1216 4063 orat,
1234 3994 1426 4054 seruaretur.

376 4087 479 4173 Fugit
501 4085 697 4149 fortissimus
720 4087 830 4151 David
853 4088 997 4172 pericula
1020 4089 1214 4173 pneliornm,
1231 4112 1272 4155 ne
1296 4090 1429 4157 lucerna

375 4318 391 4343 “
412 4314 519 4375 ram(?)
545 4320 642 4362 veteres
667 4311 779 4375 spurium
803 4328 878 4363 roen—
927 4313 1265 4378 lreyolAnJ'omfutherol
1279 4316 1434 4379 llenryll.‚

377 4397 393 4423 ‘¹
411 4392 498 4444 bant.”
531 4392 597 4441 Note
619 4393 647 4440 in
672 4392 729 4442 MS.
754 4392 878 4453 winton,
926 4392 1029 4442 became
1041 4395 1093 4443 earl
1104 4394 1133 4442 of
1143 4393 1236 4458 Surrey
1246 4394 1272 4443 in
1286 4399 1359 4445 1163.

379 4472 497 4537 agreeing
525 4470 587 4519 with
622 4486 654 4519 nn
683 4472 725 4519 old
754 4471 876 4534 Glossary
960 4469 1242 4535 ¹minimecoynutimm,
1255 4474 1330 4522 v.1,.

379 4552 471 4614 quoted
489 4549 515 4598 in
538 4550 668 4613 Ilucnnge,
689 4565 710 4598 s.
722 4565 747 4598 v.
762 4548 875 4612 ..spurina
959 4547 1038 4611 2ςιιία
1059 4551 1156 4601 altered
1175 4549 1229 4599 into
1249 4568 1298 4614 qna
1320 4552 1346 4600 in
1369 4552 1424 4603 MS

381 4628 523 4687 llameline,
535 4628 692 4693 illegitimate
703 4643 749 4678 son
760 4627 789 4678 of
798 4627 874 4679 Geof-
924 4626 1036 4678 Winton.
