3316 6240
385 776 448 839 546
716 788 1119 861 praesumsimus·
1198 811 1212 861 χ
1295 777 1446 861 [amur.

382 999 464 1063 quos
485 984 561 1064 post
582 979 748 1047 modicum
771 1002 839 1047 non
861 981 1043 1058 inveniens,
1061 1001 1082 1045 a
1104 979 1276 1066 capellano
1292 979 1442 1066 repetiit

382 1079 431 1145 Eo
462 1086 574 1146 autem
606 1081 735 1147 dicento
768 1083 847 1168 quia
879 1104 900 1148 a
932 1105 966 1147 se
999 1082 1216 1168 repetendum
1247 1103 1318 1167 non
1353 1087 1443 1147 esset

381 1183 469 1268 quod
491 1184 561 1269 ipsc
577 1185 828 1250 custodiendum
850 1207 917 1249 non
944 1185 1148 1271 suscepisset,
1165 1184 1346 1270 imperitiae
1369 1206 1440 1248 suae

382 1286 484 1372 coepit
505 1286 669 1372 imputare
692 1286 780 1371 quod
809 1286 993 1352 custodiam
1023 1287 1120 1352 rebus
1143 1287 1211 1351 suis
1241 1308 1311 1350 non
1333 1285 1440 1371 depu-

381 1393 492 1465 tasset,
515 1389 573 1454 ubi
597 1389 766 1475 praedones
788 1389 831 1454 ad
857 1388 1003 1475 praedam
1026 1389 1148 1475 passim
1171 1387 1355 1465 convolare,
1380 1388 1439 1452 ubi

381 1490 479 1555 rebus
504 1491 621 1556 alienis
652 1491 740 1556 fures
763 1492 914 1556 certatim
946 1491 1046 1557 sciret
1068 1489 1225 1555 insidiari.
1284 1489 1439 1575 Cumque

381 1592 558 1676 quaerendo
588 1591 646 1658 et¹
677 1593 749 1658 loca
771 1593 1001 1678 perlustrando
1025 1614 1099 1659 cum
1129 1596 1226 1658 nocte
1249 1591 1340 1656 diem
1365 1591 1440 1656 ina-
1527 1606 1533 1617 ·

381 1693 470 1758 niter
506 1693 768 1780 consumpsisset,
804 1695 877 1779 jam
918 1716 1019 1781 prope
1058 1699 1129 1759 erat
1173 1699 1214 1758 ut
1253 1699 1438 1778 martyrem

381 1792 541 1858 Thomam
579 1792 785 1860 infidelitatis
824 1801 985 1881 argueret,
1023 1794 1077 1861 oui
1115 1793 1306 1871 crediderat
1344 1792 1439 1879 apud

382 1916 479 1979 quern
517 1916 577 1960 sus
614 1895 816 1982 deposuerat.
878 1896 944 1962 Sed
982 1896 1116 1963 credens
1153 1894 1264 1980 potius
1303 1895 1440 1960 invoca-

382 1995 528 2060 tionibus
560 2017 659 2082 quem
691 1997 970 2083 increpationibus
1001 1996 1174 2084 egendum,
1209 1994 1361 2081 confugit
1394 1994 1439 2059 ad

381 2102 506 2162 votum
553 2098 598 2162 Et
619 2097 753 2163 videtur
784 2121 826 2162 ex
858 2121 969 2164 rerum
1001 2097 1235 2184 consequentia
1263 2096 1309 2161 sd
1336 2096 1440 2161 devo·

381 2198 506 2262 tionem
528 2199 681 2263 voventis
711 2205 891 2286 martyrem
922 2200 1122 2285 respexisse;
1151 2198 1300 2264 fortassis
1334 2203 1377 2262 ut
1407 2198 1438 2263 ei

382 2299 439 2382 qui
473 2299 650 2384 grassando
673 2305 708 2364 et
740 2300 925 2386 diripiendo
956 2301 1065 2366 aliens
1097 2305 1187 2366 totus
1222 2299 1259 2362 in
1290 2320 1439 2385 praeceps

381 2398 548 2466 ferebatur
578 2399 749 2467 sufflamen
780 2408 967 2488 opponeret,
991 2407 1026 2467 et
1057 2401 1100 2467 ab
1123 2401 1234 2466 animo
1263 2401 1440 2486 praedandi

381 2501 568 2586 praedonem
605 2509 780 2570 revocaret.
842 2504 910 2568 Fur
946 2503 1035 2570 enim
1070 2501 1128 2589 qui
1160 2502 1303 2567 furtivos
1336 2524 1440 2588 equos

381 2602 572 2682 abducebat,
599 2604 664 2670 iter
695 2610 767 2671 tots
797 2611 893 2671 nocte
925 2605 1056 2682 faciens,
1079 2626 1138 2690 per
1168 2602 1284 2690 longos
1316 2604 1439 2669 erroris

380 2703 538 2770 circuitus
567 2705 614 2770 ibi
644 2726 678 2770 se
709 2727 805 2772 rnane
828 2707 951 2793 reperit
972 2705 1031 2770 ubi
1061 2705 1188 2770 furtum
1218 2705 1439 2791 perpetravit.

380 2804 435 2869 Ad
457 2805 565 2872 locum
586 2807 708 2893 quippe
730 2809 819 2872 unde
835 2814 979 2887 venerat,
1000 2813 1129 2892 martyr
1150 2829 1227 2872 eum
1248 2807 1441 2884 reducebat,

380 2929 422 2972 ne
453 2909 536 2994 re[nr
566 2909 637 2995 ejus
660 2907 758 2995 qui]²
788 2910 851 2975 sibi
875 2911 910 2975 in
932 2915 1012 2976 voto
1042 2909 1218 2975 tenebatur
1246 2909 1438 2976 abduceret

382 3007 479 3089 Quod
500 3010 618 3077 videns
640 3011 696 3076 fur
717 3011 798 3078 vitae
824 3035 893 3079 susc
916 3012 1090 3091 consuluit,
1114 3017 1149 3078 et
1171 3011 1316 3078 dimissis
1340 3013 1440 3098 equis

380 3110 523 3198 aufugit.

391 3282 441 3287 .-...
459 3282 778 3290 -η-ψ--ι--οο--υ

416 3376 424 3408 ¹
441 3377 614 3427 Interlinedin
626 3377 685 3430 ΜΒ.
906 3384 912 3519 Ι
931 3380 1020 3430 makes
1043 3379 1198 3443 conjecturul
1222 3379 1376 3431 restoration
1394 3397 1441 3432 ne-

415 3454 469 3505 ΒΔ
499 3455 581 3506 defect
611 3455 638 3506 in
666 3456 710 3506 the
732 3456 883 3520 parchment
931 3458 1110 3524 cessaryhere.

526 4485 623 4530 Printod
631 4485 662 4539 by
670 4485 775 4530 Gnoson
784 4484 811 4529 lt.
820 4421 1077 4529 Eliisriridiiviiimnr
1085 4485 1287 4538 sromrswoonr,

604 4551 709 4594 Printcrs
717 4552 742 4592 to
751 4549 792 4592 the
801 4548 902 4601 Quecn's
910 4550 971 4592 mast
980 4549 1101 4594 Excellont
1109 4549 1218 4603 Malesty.

680 4623 726 4666 Por·
735 4622 785 4667 Her·
793 4622 913 4674 Majesty's
922 4622 1056 4676 Stationery
1064 4620 1142 4667 Offloa.

847 4683 1008 4737 [rsa-rme]
