3316 6240
348 788 413 852 382
680 802 860 853 muscum
883 804 907 852 s.
931 803 1069 863 moun,
1271 788 1351 871 [nm.
1368 803 1401 852 v.

347 988 474 1053 tativus
517 992 595 1053 erat.
657 987 917 1074 Superveniente
974 988 1210 1054 dormientium
1255 990 1400 1068 custode,

347 1088 556 1155 dissimulans
603 1090 772 1175 planctum
817 1090 1024 1177 reprimebat,
1071 1096 1105 1155 et
1149 1091 1401 1177 periclitabatur

348 1198 482 1277 propter
515 1192 660 1278 quietern
691 1192 839 1258 fratrum.
886 1192 953 1258 Sed
986 1193 1206 1259 invalescente
1239 1194 1400 1272 molestia,

348 1294 385 1357 in
416 1294 549 1359 domum
581 1295 638 1380 qui
672 1294 789 1381 recipit
820 1294 966 1360 infirmos
1000 1296 1199 1380 deportatus,
1223 1295 1311 1361 inter
1346 1296 1402 1361 de·

349 1396 525 1462 ferentium
556 1418 674 1463 manus
707 1396 895 1482 quindecies
919 1402 953 1463 et
995 1418 1034 1463 eo
1065 1398 1208 1483 amplius
1256 1399 1398 1464 extasim

349 1518 464 1583 passus
487 1502 545 1575 eet,
568 1503 602 1563 et
624 1498 772 1565 caecitate
794 1520 973 1583 percussus,
998 1504 1037 1563 ut
1059 1498 1103 1565 ad
1125 1521 1160 1565 se
1193 1497 1400 1585 loquentium

350 1598 490 1665 fratrum
511 1599 588 1664 visu
609 1600 774 1665 neminem
797 1600 1002 1666 discerneret.
1048 1600 1155 1678 Unde,
1179 1621 1255 1667 cum
1277 1602 1318 1667 de
1334 1623 1402 1668 cor-

350 1720 428 1785 pore
450 1700 560 1766 subito
583 1698 756 1787 putaretur
778 1700 935 1778 exiturus,
952 1706 1088 1767 cautum
1110 1707 1161 1767 est
1183 1702 1271 1788 quod
1294 1722 1400 1769 sacra-

350 1803 471 1869 mentis
493 1802 660 1869 Dominici
683 1803 825 1889 corporis
847 1809 882 1868 et
904 1803 1075 1890 sanguinis
1097 1803 1290 1893 muniretur.
1329 1803 1402 1870 Oir·

349 1903 592 1969 cumstantibus
613 1903 726 1989 itaque
763 1904 927 1982 fratribus,
951 1905 1063 1969 innuit
1085 1926 1164 1971 voce
1187 1926 1253 1990 qua
1282 1906 1402 1991 potuit,

351 2004 563 2091 “Siquidem
596 2005 637 2070 de
668 2026 756 2090 aqua
786 2005 877 2071 beati
909 2004 1043 2071 Thomas
1065 2005 1229 2082 bibissem,
1253 2005 1403 2072 convale-

352 2115 369 2143 “
390 2107 486 2174 rem.''
532 2108 648 2175 Frater
680 2109 783 2196 igitur
814 2109 872 2196 qui
907 2129 942 2173 se
965 2109 1007 2175 ob
1029 2110 1274 2176 venerationem
1296 2130 1403 2175 sacra-

351 2210 456 2275 menti
479 2210 577 2277 eacus
599 2211 748 2276 vestibus
770 2211 933 2288 induerat,
957 2217 1092 2296 accepta
1122 2211 1269 2298 ampulla
1301 2232 1401 2296 quam

351 2316 547 2397 reposuerat,
569 2312 647 2377 livit
668 2313 778 2379 oculos
810 2313 888 2398 ejus,
921 2318 955 2377 et
985 2313 1059 2398 ipsa
1089 2312 1170 2381 hora
1201 2313 1403 2380 confortatus

351 2434 387 2477 se
409 2412 518 2478 visum
540 2414 698 2501 recepisse
720 2415 915 2482 testabatur.

599 2653 679 2740 (10.)
703 2653 751 2720 De
772 2650 934 2721 monacho
952 2651 1156 2740 paralytico.

186 2824 291 2891 Serum,
398 2816 440 2881 In
462 2815 581 2902 Majori
619 2816 732 2903 Sylva,
755 2817 811 2902 qui
846 2822 897 2881 est
930 2817 1021 2882 locus
1044 2815 1234 2894 Wasoonira,
1268 2814 1403 2900 praefuit

184 2892 305 3011 {ffif’f
353 2918 518 3005 aliquibus
549 2918 707 2985 fratribus
741 2919 920 2986 monachus
944 2917 1118 3004 Seguinus.
1164 2918 1230 3001 Qui
1254 2917 1400 3005 paralysi

186 3024 342 3087 Selvenesr
354 3020 532 3087 dissolutus
562 3020 606 3085 ab
639 3020 805 3088 umbilico'
827 3021 988 3099 deorsum,
1022 3041 1098 3086 cum
1130 3020 1167 3083 in
1199 3020 1401 3105 superiorem

185 3090 321 3207 {ffldoe’
353 3122 518 3209 regionem
544 3122 677 3187 morbus
707 3126 901 3207 erumperet,
936 3126 971 3186 ct
1000 3126 1168 3207 torperent
1195 3121 1267 3207 jam
1294 3122 1401 3208 digiti

184 3222 297 3300 ⁰ft>⁸¹⁹r
352 3229 479 3291 motum
502 3245 678 3290 nervorum
700 3224 891 3301 nescientes,
922 3222 1008 3290 lecto
1029 3222 1148 3288 affixus
1179 3229 1238 3289 est.
1285 3222 1404 3289 Oravit

185 3288 257 3354 lysis.

352 3333 464 3392 autem
487 3332 665 3412 martyrem
688 3323 848 3391 Thomam
870 3329 910 3388 ut
931 3324 986 3389 vel
1008 3324 1074 3389 duo
1096 3323 1196 3411 primi
1218 3324 1316 3410 digiti
1338 3323 1401 3388 sibi

353 3427 612 3505 restituerentur,
635 3447 677 3492 ne
699 3426 874 3490 missarum
907 3424 1126 3491 celebratione
1160 3424 1402 3490 destitueretur.

354 3528 503 3597 Modesto
540 3528 658 3614 petitio
694 3532 730 3592 et
767 3526 869 3613 digna
905 3526 1138 3606 exauditione3
1185 3531 1304 3613 optans
1336 3526 1401 3591 sibi

353 3630 691 3717 quantulumcumque
715 3628 944 3707 ministerium,
960 3650 1003 3695 ne
1026 3628 1185 3714 mysterio
1207 3629 1402 3715 privaretur,

354 3754 594 3820 exposcensque
617 3755 660 3798 ex
682 3737 775 3819 parte
790 3731 966 3797 sanitatem
993 3735 1032 3795 ut
1054 3736 1248 3818 perpetuam
1263 3730 1402 3797 salutem

353 3840 615 3922 consequeretur.
661 3835 760 3901 Unde
782 3834 934 3901 redditus
957 3832 1020 3898 sibi
1043 3833 1168 3920 gratias
1190 3834 1267 3921 egit.

364 4070 445 4159 (11.)
469 4069 516 4138 Dc
537 4067 701 4138 eremwlw
719 4089 784 4155 per
808 4066 1080 4136 decantationem
1102 4065 1227 4134 sonori
1248 4065 1379 4133 volente.

186 4247 322 4313 nubem
399 4234 509 4322 Longo
532 4234 629 4301 aliter
659 4233 814 4298 seductus
837 4236 908 4297 erat
930 4231 1065 4317 quidam
1088 4228 1174 4295 alius
1194 4228 1403 4305 monachico,

185 4315 274 4433 π’
354 4338 442 4424 quod
473 4336 589 4402 flentes
631 4335 778 4412 dicimus,
811 4333 1031 4420 professionis,
1056 4330 1229 4430 Hubertus
1260 4332 1402 4397 nomine.

186 4447 308 4525 crong·
355 4442 419 4508 Cui
451 4441 598 4506 erraticis
632 4438 794 4504 idolatriae
817 4433 1091 4502 medicaminibus
1115 4439 1149 4499 et
1179 4434 1307 4500 arcanis
1329 4433 1403 4519 qui-

186 4515 342 4593 ’ΜΨ
355 4544 493 4610 susam
524 4541 744 4629 aeganem
782 4539 884 4605 oculis
930 4538 997 4603 sua
1035 4536 1159 4601 mereri
1196 4536 1402 4622 senpectas.

185 4618 305 4703 sarmit
354 4645 451 4728 Quid,
474 4644 572 4710 missu
593 4649 629 4710 et
650 4664 744 4712 casae
767 4639 888 4708 mentis
919 4638 1027 4718 homo,
1052 4637 1205 4707 aarum
1235 4639 1404 4706 consulis?
