3316 6240
380 772 444 834 242
712 763 891 836 urnuouna
914 786 941 835 s.
964 786 1102 848 mona,
1292 773 1370 856 [nm.
1388 791 1424 837 n,

380 995 511 1061 compos
533 973 655 1049 effecta,
679 978 820 1058 quantas
842 977 950 1057 potest
972 973 1121 1058 exsurgit
1142 972 1179 1036 in
1201 971 1321 1049 laudes,
1339 974 1426 1058 quod

378 1079 461 1143 citra
482 1076 548 1141 vire
570 1075 749 1161 dispendia,
773 1075 856 1140 eitra
878 1074 924 1141 rei
951 1074 1121 1139 familiaris
1153 1074 1423 1151 imminutionem,

378 1180 463 1245 citra
484 1178 558 1243 aeris
584 1176 683 1241 alieni
718 1177 966 1251 mutuationem,
997 1198 1031 1239 se
1063 1176 1225 1239 Dominus
1248 1177 1421 1242 visitasset.

381 1280 582 1365 “Respexit
613 1277 802 1354 Dominus‚”
834 1278 951 1361 inquit,
987 1286 1003 1311 “
1013 1278 1131 1343 merita
1169 1279 1220 1341 sui
1259 1280 1423 1363 martyris,

380 1392 396 1417 “
419 1388 546 1467 martyr
570 1386 797 1467 paupertatem
813 1382 1006 1446 miserandae
1030 1380 1182 1445 mulieris.
1231 1382 1313 1461 Quae
1336 1384 1424 1446 onim
1486 1388 1490 1397 '

379 1494 395 1518 “
419 1484 622 1549 conversatio
645 1504 725 1559 mea,
750 1503 824 1567 quse
847 1482 1060 1568 praecedentis
1084 1482 1163 1546 vit-e
1191 1484 1316 1560 merita,
1344 1485 1423 1567 quid

380 1584 496 1648 “boni
529 1604 630 1668 usque
665 1584 700 1646 in
737 1583 931 1647 hodiernum
974 1582 1060 1646 (lieni
1101 1584 1295 1667 perpetravi,
1337 1584 1423 1667 quod

378 1684 565 1749 “divinam
589 1684 624 1747 in
647 1705 699 1748 me
722 1682 974 1748 misericordiam
998 1687 1212 1767 provocaret?
1256 1684 1367 1746 Bonus
1390 1690 1425 1747 et

378 1788 598 1853 “misericors
629 1785 798 1861 Dominus,
831 1785 889 1871 qui
922 1785 1026 1870 gnatis
1049 1785 1108 1850 dat
1142 1786 1282 1869 gratiam
1313 1806 1424 1863 suam;

377 1898 393 1923 “
416 1890 522 1953 bonus
555 1893 590 1952 ct
611 1886 792 1951 misericors
815 1885 985 1961 Dominus,
1016 1885 1073 1969 qui
1108 1885 1325 1949 beatitudinis
1355 1907 1423 1949 sure

377 1989 565 2053 “bonitate
589 2009 650 2052 sua
679 2008 738 2052 nos
761 1988 937 2071 participes
963 1986 1078 2051 effecit.
1126 1986 1199 2051 Hac
1222 1987 1422 2071 propitiatus

377 2100 393 2125 “
416 2091 544 2156 ancillae
566 2111 634 2154 sure
649 2111 716 2153 non
743 2088 888 2154 attendit
911 2088 1125 2163 voluntatem,
1142 2109 1209 2152 non
1225 2110 1330 2173 opera,
1354 2110 1421 2152 non

376 2200 393 2225 “
416 2212 605 2265 sermonem,
621 2190 678 2253 sod
694 2190 764 2252 sine
779 2187 1037 2273 praecedentibus
1053 2189 1179 2252 meritis
1195 2194 1421 2273 paupertatem
1443 2176 1446 2181 ¹

377 2302 393 2327 ·‘
416 2313 515 2377 qnam
554 2293 646 2355 dedit
683 2290 830 2376 gratuita
867 2291 991 2373 pietate
1029 2289 1230 2367 sublimavit,
1264 2292 1355 2354 dives
1387 2293 1421 2353 in

376 2401 393 2428 “
416 2414 527 2457 omncs
551 2392 606 2476 qui
632 2392 788 2456 invocant
812 2390 926 2468 illum;
961 2392 1012 2456 eui
1037 2391 1109 2455 lus
1135 2393 1179 2455 sit
1210 2398 1244 2456 et
1266 2391 1369 2456 honor
1385 2393 1420 2455 in

376 2503 392 2528 “
416 2493 536 2559 sucula
558 2492 770 2558 seculorum!
815 2491 948 2555 Amen.''

733 2733 813 2818 (u.)
839 2732 899 2816 [a
922 2732 1051 2817 eoo

205 2846 315 2941 aolino
418 2882 519 2947 Venit
542 2880 659 2945 mulier
681 2881 721 2946 de
748 2881 927 2967 longinquo
950 2881 1173 2960 Cantuariam,
1190 2883 1324 2949 duetore
1347 2903 1421 2948 eon-

204 2956 345 3087 fiffid
372 2984 480 3060 ducto,
503 2989 542 3048 ut
565 2983 692 3047 videret
714 3003 788 3067 quse
810 2983 921 3047 videre
943 3004 1010 3047 non
1033 2989 1169 3068 poterat.
1226 2985 1329 3068 Cujus
1352 2991 1422 3049 erat

204 3088 287 3153 burgh
374 3086 416 3169 (si
438 3107 531 3151 nosse
555 3107 606 3150 res
629 3084 733 3169 exigit
756 3085 846 3169 cujas
869 3085 977 3163 fuerit,
993 3093 1028 3150 et
1050 3109 1124 3171 qum
1147 3090 1276 3171 vocata)
1302 3109 1420 3151 nomen

203 3152 342 3270 {giis-⁰¹¹¹)
371 3188 492 3273 Agnes,
515 3185 604 3252 loeus
626 3185 814 3250 nativitatis
830 3186 1092 3271 Hapesburgum.
1137 3187 1219 3252 Here
1234 3188 1330 3263 enim,
1347 3210 1420 3252 curn

373 3286 408 3350 in
431 3286 533 3353 oculis
556 3287 624 3349 suis
646 3286 688 3349 ab
711 3292 785 3351 octo
815 3287 911 3350 annis
933 3291 1020 3351 rotro
1045 3286 1262 3371 caligantibus
1288 3289 1419 3371 sangui-

372 3408 449 3450 nem
479 3387 634 3471 martyris
664 3387 851 3472 excepisset,
879 3388 981 3471 coepit
1011 3387 1304 3452 intumescentibus
1334 3387 1419 3451 ciliis

371 3487 506 3571 gravius
542 3486 670 3563 habere,
709 3492 743 3551 ct
780 3508 854 3553 cum
892 3486 1001 3551 dolore
1035 3487 1149 3551 statim
1184 3487 1305 3552 reflexo
1336 3489 1418 3572 pede

372 3587 478 3651 redire
520 3588 688 3672 compulsa
728 3594 805 3666 est;
851 3609 918 3652 non
955 3588 1043 3651 enim
1083 3592 1213 3674 poterat
1250 3589 1417 3654 duetorem

372 3711 468 3754 suurn
502 3695 635 3775 proptor
667 3691 839 3776 penuriam
871 3697 1064 3775 sumptuum
1097 3691 1246 3756 retinere.
1303 3691 1419 3757 Obiter

370 3796 482 3858 autem
515 3792 600 3859 oculi
635 3792 704 3879 ejus
736 3794 771 3856 u·
794 3798 968 3857 ventorum
1002 3800 1037 3857 et
1061 3792 1185 3878 pluviae
1219 3796 1418 3860 reverberati

371 3900 457 3971 sunt,
481 3900 516 3959 et
537 3899 717 3981 aggravata
747 3899 797 3958 est
830 3914 948 3958 manus
982 3894 1116 3959 Domini
1148 3917 1247 3980 super
1273 3917 1354 3972 eam,
1379 3903 1418 3960 ut

370 3996 553 4061 auferretur
584 3996 614 4061 oi
647 3996 783 4061 ulterius
815 4018 888 4082 spes
920 3997 1025 4060 omnis
1049 3996 1192 4060 videndi.
1239 3996 1316 4061 Non
1347 4005 1418 4062 erat

370 4102 482 4162 autem
520 4102 762 4174 nocumentum,
804 4099 860 4162 sed
899 4097 993 4182 quasi
1030 4098 1181 4181 qnaedam
1219 4099 1416 4182 praeparatio

370 4197 468 4263 viarm.
516 4197 604 4262 Narn
628 4198 707 4261 dum
730 4198 886 4283 palpebra
900 4198 1127 4284 repercutitur,
1143 4197 1263 4263 humor
1285 4199 1415 4263 inutilis

369 4300 475 4365 effluit
497 4305 531 4364 et
553 4300 659 4365 sanies
675 4299 876 4377 exhauritur,
900 4304 934 4365 et
949 4300 1064 4365 elisum
1089 4306 1140 4365 ost
1162 4301 1251 4386 quod
1273 4301 1412 4389 impedi-

369 4402 447 4467 ebat
461 4401 577 4469 visum.
622 4402 710 4467 Nam
729 4401 831 4486 jussit
853 4422 940 4466 novo
961 4422 1079 4487 genere
1094 4402 1247 4467 medendi
1271 4404 1416 4470 medicus

374 4556 789 4565 ————---—---—-—-

511 4640 519 4671 ¹
537 4641 602 4697 'liris
613 4642 717 4713 chapter
728 4640 774 4691 hus
784 4655 818 4697 no
830 4640 940 4706 hesding
951 4642 976 4692 in
988 4642 1032 4693 tho
1044 4642 1206 4705 winchester
1217 4645 1275 4707 MS,
