3316 6240
445 754 510 815 528
777 768 957 818 sarnacum
979 768 1003 816 s.
1027 768 1163 828 anona,
1353 753 1440 838 [nm.
1455 768 1506 818 va

442 954 512 1039 ipse
533 974 566 1016 se
583 958 660 1017 voto
681 953 850 1038 obligavit,
866 960 941 1039 post
963 956 1064 1020 latam
1087 956 1186 1020 maiis
1207 955 1505 1041 perlustrationem

443 1059 591 1138 repertus
615 1059 649 1119 et
671 1061 829 1132 revectus,
853 1057 948 1121 sociis
978 1078 1070 1142 spem
1093 1057 1185 1120 dedit
1215 1056 1378 1122 evadendi
1410 1058 1505 1143 peri·

444 1155 554 1220 culum
586 1156 622 1218 in
653 1156 742 1232 navi,
770 1157 857 1240 quod
889 1158 958 1242 ipse
990 1158 1061 1222 sine
1093 1158 1173 1222 navi
1205 1158 1316 1243 potuit
1346 1158 1504 1224 evadere.

443 1256 606 1342 Repertus
640 1262 691 1321 est
721 1262 833 1322 autem
867 1280 965 1344 super
995 1259 1081 1323 freta
1113 1259 1230 1324 sedens
1265 1264 1299 1324 et
1329 1259 1504 1325 undarum

443 1357 626 1422 ministerio
663 1359 848 1436 subvectus,
880 1365 1040 1445 tanquam
1078 1365 1266 1425 servaretur
1302 1362 1346 1426 ad
1377 1367 1503 1428 votum

443 1458 677 1542 perficiendum
700 1460 788 1544 quod
810 1461 950 1545 martyri
973 1461 1100 1527 fecerat.

639 1692 740 1778 (147.)
765 1692 813 1759 De
830 1692 965 1779 folcone
987 1693 1075 1779 repis
1098 1694 1299 1779 duplorum.

275 1858 352 1924 Story
364 1858 393 1910 of
488 1847 705 1913 Commiserat
724 1870 784 1912 rex
798 1849 981 1934 Anglorum
997 1848 1160 1912 Henricus
1183 1848 1345 1914 sccundus
1365 1848 1504 1914 cuidam

273 1923 413 2057 ffiffig
444 1948 587 2015 Radulfo
610 1950 758 2015 volucres
781 1951 915 2036 aucupii
937 1950 998 2027 sui,
1015 1971 1232 2035 campumque
1254 1949 1503 2015 inaesfimabffifl

274 2056 378 2124 taking
444 2051 551 2135 pretii,
575 2050 633 2135 qui
655 2072 714 2135 pro
737 2051 933 2116 strenuitate
956 2073 1016 2116 sua
1039 2051 1160 2115 meruit
1175 2051 1363 2116 Wiseardns
1385 2052 1503 2137 appel·

276 2121 374 2188 ΗΘΜ·
443 2150 513 2216 lari.
560 2151 650 2232 Quos
672 2173 747 2216 cum
764 2151 848 2235 [en]1
863 2151 1019 2216 mandato
1041 2152 1131 2237 regio
1154 2156 1299 2216 mutatos
1322 2157 1357 2217 et
1379 2153 1502 2237 pennis

443 2253 512 2317 suis
538 2259 712 2318 renovatos
743 2253 787 2318 ad
809 2253 933 2318 curiam
966 2253 1166 2329 transferret,
1189 2274 1211 2318 a
1239 2252 1379 2339 praesule
1403 2253 1502 2319 win-

443 2355 595 2432 toniensi,
627 2376 649 2420 a
679 2376 744 2438 quo
776 2360 929 2439 sumptus
964 2355 1094 2418 itineris
1123 2360 1317 2440 accepturus
1347 2360 1427 2432 erat,
1462 2356 1501 2420 in

443 2456 609 2521 mandatis
632 2456 758 2540 aceepit
781 2460 820 2519 ut
843 2454 906 2518 sibi
928 2476 1043 2541 gruem
1070 2461 1200 2541 captam
1222 2455 1362 2520 afferret.
1410 2454 1503 2535 Quia

443 2579 522 2622 vero
549 2561 679 2642 tempus
709 2562 744 2620 et
774 2556 948 2621 commotio
979 2556 1063 2621 aeris
1094 2556 1235 2641 aucupio
1266 2577 1333 2621 non
1365 2555 1502 2641 pollice-

443 2658 566 2722 bantur
604 2658 764 2735 effectum
801 2658 841 2722 de
880 2658 1051 2742 petitionis
1088 2658 1279 2743 impletione
1317 2656 1500 2724 diffidebat

444 2760 566 2825 Volens
581 2766 702 2836 tamen,
719 2759 805 2825 sicut
827 2764 877 2823 est
899 2759 1050 2837 hominis,
1066 2759 1193 2825 homini
1217 2759 1350 2844 placere,
1366 2759 1501 2825 nulium

443 2882 578 2929 suorum
601 2863 773 2928 volucrum
804 2862 847 2926 ad
869 2862 956 2926 hanc
977 2862 1122 2947 praedam
1146 2861 1207 2926 tali
1229 2867 1376 2947 tempore
1399 2884 1500 2949 repu-

443 2964 539 3031 tabat
568 2965 723 3030 idoneum
753 2970 873 3050 praeter
895 2963 1122 3042 Wiscardum3
1153 2985 1251 3049 quem
1273 2970 1385 3029 tamen
1415 2985 1437 3029 a
1463 2987 1501 3032 se

444 3066 612 3131 dimittere
647 3065 817 3131 metuebat
850 3070 984 3149 propter
1015 3086 1123 3128 rerum
1147 3064 1255 3129 varios
1290 3070 1429 3130 eventus
1464 3072 1502 3131 et

443 3168 529 3254 regis
553 3167 735 3252 imperium,
760 3165 817 3249 qui
840 3184 907 3229 non
930 3165 1026 3229 ineo
1049 3164 1136 3230 sieut
1158 3165 1193 3228 in
1217 3165 1344 3230 ceteris
1362 3164 1502 3250 jocandi

443 3274 642 3353 potestatem
659 3267 799 3331 dederat.
836 3264 1012 3331 Confidens
1024 3273 1136 3330 tamon
1145 3265 1288 3331 volucris
1300 3267 1340 3331 de
1355 3267 1500 3331 strenui·

443 3375 522 3449 tate,
537 3372 574 3435 in
589 3392 627 3435 eo
643 3370 711 3435 solo
726 3388 844 3454 agmen
859 3390 979 3453 gruum
998 3390 1170 3454 aggressus
1185 3374 1253 3447 est3
1276 3369 1334 3454 qui
1356 3369 1500 3435 nubium

444 3472 598 3536 sublimia
628 3469 854 3545 conscendens,
879 3470 1017 3554 praepeti
1049 3474 1083 3533 et
1113 3470 1276 3555 praecipiti
1300 3470 1430 3556 dilapsu
1460 3474 1500 3536 in

443 3592 545 3637 unam
560 3572 636 3647 ruit,
653 3577 687 3635 et
702 3592 793 3636 secus
816 3575 1013 3656 prostratam
1033 3576 1130 3636 terrae
1145 3571 1252 3637 victor
1268 3571 1397 3649 insedit
1414 3594 1500 3658 prae·

444 3674 520 3738 dam
536 3694 670 3737 servans
691 3672 721 3737 ei
737 3673 790 3738 cui
813 3671 924 3758 praedo
946 3672 1165 3758 grassabatur.
1211 3673 1300 3736 Dum
1323 3674 1364 3737 de
1385 3674 1501 3760 praeda

444 3774 551 3841 vietor
573 3773 741 3861 gloriatur,
767 3774 861 3860 (quid
893 3773 929 3837 in
960 3773 1114 3837 humanis
1141 3774 1238 3837 robus
1268 3773 1423 3839 animatis
1454 3775 1501 3841 ab

445 3876 511 3942 alio
533 3883 646 3941 tutum
669 3878 831 3942 eredimus
845 3879 870 3961 t)
894 3897 973 3962 grus
996 3875 1070 3952 alia,
1094 3875 1204 3939 forsan
1227 3876 1299 3940 avis
1322 3877 1417 3941 soeiae
1440 3877 1502 3943 do·

445 3977 516 4043 lens
539 3978 720 4055 interitum,
730 3977 884 4042 violentis
906 3976 1074 4062 unguibus
1097 3976 1133 4040 in
1157 3976 1264 4061 ipsum
1281 3976 1447 4056 dilabitur,
1463 3983 1502 4044 et

446 4084 589 4144 rostrum
612 4080 752 4164 infigens
775 4078 998 4143 semianimem
1021 4077 1187 4162 relinquit.

492 4180 734 4266 Superveniens
750 4200 869 4264 auceps
892 4180 1013 4264 reperit
1035 4179 1223 4263 praedonem
1246 4201 1342 4243 suum
1365 4181 1501 4266 ponitus

446 4281 624 4358 horridum,
659 4281 784 4346 enormi
823 4285 949 4344 tumore
984 4281 1176 4357 distentum,
1208 4286 1242 4344 et
1274 4281 1345 4365 jam
1379 4281 1500 4349 clausis

448 4385 550 4450 oeulis
573 4384 672 4449 morti
687 4383 844 4448 vicinum.
893 4382 982 4461 Quid
997 4382 1121 4447 faeiat?
1166 4382 1244 4448 Non
1259 4383 1327 4448 ales
1349 4383 1385 4447 in
1407 4386 1501 4470 pedi·

836 4625 844 4658 ¹
861 4625 1000 4693 interranea
1011 4625 1039 4675 in
1049 4626 1107 4678 us.
