3316 6240
345 797 410 867 376
678 810 857 861 MIRAGULA
881 811 907 860 s.
928 809 1066 868 raons,
1268 791 1347 874 [Lm.
1364 807 1398 862 v,

390 993 528 1060 Decidit
558 1015 666 1079 eques,
691 1014 775 1078 equo
798 992 983 1058 offendente
1017 991 1070 1057 cui
1103 990 1276 1066 insederat,
1299 989 1398 1055 Bald-
1511 960 1518 969 ι

346 1099 433 1165 ricus
455 1098 596 1175 nomine,
612 1098 652 1162 de
675 1098 807 1184 regione
829 1097 1060 1162 transflumen
1076 1095 1265 1160 Humbrum
1281 1100 1399 1174 natus;

346 1206 381 1265 et
403 1200 484 1264 dum
508 1200 680 1277 decideret,
704 1199 793 1264 sellas
815 1204 916 1264 testes
951 1198 1022 1283 ejus
1044 1197 1131 1263 allisi
1154 1202 1243 1274 sunt,
1266 1202 1302 1261 et
1323 1218 1400 1262 oon-

347 1301 448 1366 tritus
470 1308 521 1367 est
562 1301 653 1366 alter.
716 1300 870 1366 Protinus
904 1305 1015 1365 tumor
1046 1320 1233 1366 excrescens
1271 1298 1399 1384 virgam

348 1405 481 1491 penitus
514 1403 694 1481 abscondit,
718 1409 753 1469 et
775 1403 922 1467 virilium
959 1403 1098 1467 formam
1130 1402 1229 1468 facies
1251 1400 1401 1465 informis

348 1504 499 1571 obduxit.
553 1504 717 1569 Reversus
748 1504 792 1570 ad
824 1503 963 1589 propria,
998 1503 1163 1568 sentiebat
1199 1502 1300 1587 plana
1331 1522 1401 1565 esse

348 1606 511 1693 pudenda,
534 1611 569 1671 et
599 1605 734 1671 desiisse
767 1605 884 1670 virilia.
931 1604 1096 1690 Stupebat
1128 1624 1253 1669 novum
1290 1602 1401 1666 ventri

349 1711 499 1772 ventrem
537 1707 754 1785 succrevisse3
784 1707 860 1792 plus
894 1710 1028 1790 stupore
1060 1706 1162 1781 dolor,
1185 1705 1260 1789 plus
1290 1704 1401 1769 dolore

349 1809 525 1874 necessitas
547 1808 691 1886 inducta,
716 1829 790 1893 quoe
822 1807 906 1872 ferro
929 1812 1058 1894 cogeret
1096 1807 1216 1892 injecto
1238 1805 1403 1871 laboranti

350 1931 537 1977 succurrere
560 1915 698 1986 naturae,
720 1910 874 1995 viamque
908 1909 1070 1975 urinalem
1093 1912 1310 1993 purgamento
1332 1929 1403 1973 eor-

350 2011 439 2098 poris
468 2011 613 2097 aperire3
645 2031 723 2075 nam
745 2011 859 2076 debita
880 2011 1084 2076 necessitatis
1116 2009 1270 2075 humanae
1293 2009 1403 2094 prohi-

349 2113 474 2179 bebant
495 2118 704 2179 excrementa
725 2113 864 2178 tumoris
895 2113 1090 2198 interpositi.
1137 2111 1227 2192 Quid
1258 2111 1403 2177 fneoretl

351 2213 513 2300 ejicienda
555 2221 650 2280 erant
687 2213 861 2299 superflua,
900 2215 957 2279 sed
1003 2214 1140 2279 deerant
1184 2213 1405 2278 instrumenta

351 2314 511 2401 ejiciendi.
552 2315 755 2401 Hujusmodi
792 2315 927 2380 retineri
964 2315 1129 2381 modicum
1166 2336 1233 2380 non
1266 2320 1406 2401 possunt

352 2417 476 2502 absque
491 2416 660 2496 molestia3
675 2417 818 2504 longum,
835 2417 918 2483 citra
931 2416 1047 2482 mortis
1062 2417 1242 2502 dispendia
1266 2415 1407 2501 Oportet

353 2519 442 2585 enim
459 2519 678 2585 infundantur
693 2541 768 2605 quae
784 2520 863 2586 vitae
886 2526 1086 2596 succurrant,
1101 2523 1136 2584 et
1150 2540 1262 2583 rursus
1277 2540 1407 2584 necesse

352 2627 404 2687 est
425 2621 536 2687 infusa
557 2622 783 2699 refundantur,
799 2642 840 2687 ne
863 2621 1036 2708 perimant.
1083 2620 1263 2701 Quodlibet
1288 2619 1406 2685 horum

352 2722 529 2800 auferatur,
564 2723 636 2788 vita
684 2723 808 2809 pariter
850 2722 1006 2788 aufertur.
1067 2721 1188 2787 Misera
1220 2721 1408 2787 viventium

353 2823 507 2900 conditio,
530 2845 604 2908 quae
627 2823 755 2889 vicibus
778 2823 851 2888 istis
873 2824 1008 2889 alternis
1032 2828 1164 2889 tenetur
1186 2822 1336 2888 obnoxia

399 2924 509 3011 Igitur
531 2925 571 2990 de
594 2924 667 2990 vita
688 2925 901 3010 desperabat3
932 2924 1138 2990 dissimulare
1160 2929 1273 2990 tamen
1294 2924 1408 2990 volens

353 3024 443 3111 quod
465 3024 671 3091 dissimulare
704 3047 771 3090 non
803 3031 940 3112 poterat,
975 3025 1192 3112 interroganti
1222 3026 1318 3091 uxori
1341 3047 1409 3091 susc

354 3126 440 3191 male
477 3126 622 3192 habendi
659 3147 799 3204 causam
834 3128 1116 3193 verecundabatur
1153 3126 1307 3212 profiteri.
1353 3126 1409 3190 In·

355 3229 466 3294 stabat
488 3227 613 3304 mulier,
637 3228 841 3314 promittens,
858 3228 937 3314 quia
953 3229 1025 3314 jam
1040 3250 1183 3314 praesens
1198 3227 1411 3294 inclinaretur

356 3329 434 3407 dies,
458 3333 590 3415 postera
612 3350 646 3394 se
669 3328 722 3394 die
745 3328 888 3396 medicos
910 3333 1111 3396 vocaturam.
1161 3328 1333 3405 “Gravis''
1360 3328 1410 3392 in-

356 3430 431 3515 quit
453 3450 547 3515 aeger,
572 3438 692 3495 “mora
716 3436 774 3507 est,
798 3430 856 3495 ubi
879 3430 953 3496 vita
975 3431 1011 3495 in
1041 3430 1142 3496 dubio
1167 3430 1244 3495 est.''
1290 3429 1411 3496 Subin-

356 3530 438 3596 tulit
471 3528 596 3606 mulier,
621 3530 752 3617 “Prope
787 3537 838 3596 est
862 3531 979 3597 beatus
1002 3530 1144 3597 Thomas
1175 3531 1327 3597 omnibus
1360 3531 1411 3596 in-

358 3631 595 3697 “vocantibus
617 3653 714 3713 eum;
736 3630 855 3699 invoca
876 3654 961 3711 eum,
984 3633 1134 3720 obligans
1163 3639 1197 3699 te
1224 3638 1310 3710 voto,
1334 3633 1413 3718 quia

359 3738 558 3799 “voventes
590 3683 754 3800 exauditf’
813 3734 1021 3813 “Libenter‚”
1055 3735 1172 3820 inquit,
1207 3735 1414 3816 “invocabo;

359 3835 468 3921 “ipse
491 3855 552 3900 sua
574 3835 698 3920 pictate
732 3836 888 3924 dignetur
924 3835 1063 3903 adesseff'
1109 3836 1180 3901 Illis
1211 3837 1323 3922 itaque
1358 3837 1413 3903 filo

357 3937 589 4004 circumductis
624 3939 781 4025 partibus,
805 3960 848 4003 cx
879 3939 961 4004 hora
991 3938 1097 4005 noctis
1128 3944 1163 4004 et
1193 3939 1414 4004 amaritudine

358 4041 466 4108 cordis
498 4061 586 4127 segre
617 4062 751 4105 somnus
782 4041 935 4126 obrepsit.
982 4042 1026 4106 Et
1058 4062 1131 4108 ecee
1165 4042 1385 4126 martyrem,
1377 4063 1413 4105 m

358 4166 397 4210 eo
419 4142 537 4209 habitu
561 4163 626 4227 quo
649 4142 847 4228 martyrium
874 4143 1101 4228 compleverat,
1125 4164 1218 4208 suam
1241 4142 1334 4207 videt
1357 4165 1413 4207 ex·

358 4245 471 4310 hibere
508 4243 726 4331 praesentiam,
761 4243 924 4309 dicentem
962 4244 1034 4321 sibi,
1068 4244 1167 4311 “Hac
1199 4243 1414 4330 compellente

360 4356 377 4383 “
399 4346 605 4434 aegritudine,
628 4364 728 4430 quam
750 4345 927 4423 incurristi,
952 4346 1015 4410 tibi
1038 4346 1130 4410 sedet
1152 4346 1188 4410 in
1211 4346 1321 4412 animo
1346 4368 1414 4412 cor-

360 4461 378 4487 “
399 4451 544 4539 porslem
567 4449 763 4516 medicinam
779 4471 932 4535 quoerere.
978 4450 1045 4517 Fac
1066 4450 1177 4536 potius
1200 4451 1288 4535 quod
1311 4452 1415 4538 magis

360 4563 378 4590 “
400 4553 614 4641 expeditltibi
630 4577 638 4633 ;
653 4553 761 4638 arripe
776 4552 1050 4638 peregrinationis
1065 4552 1136 4629 iter,
1152 4552 1326 4639 pecuniam
1350 4574 1416 4639 qua

361 4665 377 4691 ‘⁸
399 4653 600 4721 medicorum
639 4675 737 4740 opera
774 4653 985 4720 conducenda
1029 4659 1080 4719 est
1116 4659 1341 4721 transsumens
1379 4654 1415 4720 in
