3316 6240
377 832 443 898 468
711 843 891 895 ursaceus
913 845 938 893 a
961 843 1099 903 raons,
1302 824 1381 909 [ms.
1398 840 1445 888 v1.

74 1102 78 1109 .
211 1048 301 1125 fone
392 1042 532 1109 “tionis
554 1042 597 1110 ad
619 1042 736 1109 limina
750 1043 852 1108 vestri
875 1043 1032 1128 martyris
1048 1040 1217 1128 obligavit.
1257 1039 1445 1126 Spondens·

212 1121 337 1233 ffiffif
394 1154 410 1181 “
433 1167 496 1231 que
511 1146 617 1211 eidem
639 1146 779 1231 martyri
794 1144 939 1212 vitulum
955 1166 1063 1212 vaccae
1086 1143 1296 1231 praegnantis,
1312 1142 1446 1228 utrique

283 1243 289 1253 ’
395 1246 611 1313 “sanitatem
634 1247 833 1333 impetravit.
872 1246 938 1313 Sed
961 1247 998 1312 in
1013 1251 1091 1313 voto
1112 1245 1328 1332 praevaricata
1345 1243 1447 1311 solvit

396 1349 499 1415 “iter
525 1349 808 1436 peregrinationis,
831 1349 978 1414 vitulum
1012 1371 1090 1415 vero
1113 1349 1207 1415 bovis
1240 1346 1347 1413 enixae
1377 1345 1448 1411 filio

395 1451 527 1517 “dedit
565 1474 662 1538 quem
701 1453 740 1517 de
779 1472 869 1518 sacro
899 1452 990 1517 fonte
1021 1451 1163 1517 sustulit
1210 1450 1309 1516 Unde
1344 1448 1448 1534 coepit

395 1554 575 1620 “offensus
606 1559 734 1639 martyr
764 1576 861 1619 suum
891 1553 1059 1621 vindicare
1089 1553 1293 1640 promissum.
1340 1551 1447 1632 Quem

394 1664 410 1689 ‘¹
432 1677 530 1720 suum
545 1661 632 1723 recte
657 1656 807 1734 dixerim,
831 1678 909 1723 nam
932 1662 967 1722 et
988 1656 1147 1724 candidus
1170 1661 1228 1733 est,
1244 1676 1346 1740 quum
1369 1675 1446 1720 can-

394 1758 528 1825 “didos
558 1760 722 1826 nesciatur
748 1759 902 1826 habuisse
935 1765 1106 1846 parentes;
1136 1760 1207 1824 sive
1240 1757 1445 1834 candidatae,

394 1869 411 1895 “
435 1867 594 1947 tanquam
618 1862 734 1930 coloris
764 1862 963 1930 innaturalis
985 1863 1108 1930 indicio
1131 1867 1244 1929 sancto
1268 1862 1446 1930 dedicatus.

395 1962 596 2048 “Dixitque
634 1964 772 2042 mulieri,
812 1966 873 2030 sub
911 1965 1016 2052 specie
1047 1964 1220 2051 cujusdam
1250 1961 1447 2030 venerabilis

395 2066 580 2132 “mulieris
610 2066 739 2133 visione
769 2073 938 2145 nocturna,
978 2088 1046 2133 non
1068 2068 1135 2133 nisi
1159 2067 1266 2132 soluto
1288 2065 1447 2153 promisso

395 2176 411 2201 ‘¹
434 2189 527 2253 posse
552 2189 637 2239 ,eam
671 2170 799 2236 salvari.
859 2170 941 2251 Quae
972 2169 1098 2235 visione
1130 2173 1338 2236 consternata
1370 2189 1447 2234 con-

394 2278 410 2303 “
433 2269 538 2336 suluit
559 2291 627 2349 nos,
643 2272 701 2357 qui
723 2272 930 2358 injunximus
946 2271 976 2335 ei
1000 2272 1087 2357 quod
1103 2272 1247 2337 vitulum
1263 2272 1446 2347 redimeret,

394 2381 410 2408 ·‘
432 2373 640 2460 redemptum
655 2374 795 2459 martyri
811 2373 945 2438 Thomae
960 2373 1157 2451 restitueret,
1175 2379 1209 2439 et
1229 2394 1290 2439 nos
1312 2372 1447 2438 interim

394 2483 411 2508 “
433 2496 509 2540 eum
532 2475 569 2540 in
591 2476 774 2542 custodiam
804 2475 1049 2561 susciperemus,
1081 2476 1294 2562 quoadusque
1325 2474 1447 2560 majus-

396 2585 412 2610 “
434 2577 528 2642 culus
566 2576 642 2644 duci
688 2582 799 2664 posset
835 2577 877 2644 ad
913 2583 1101 2664 martyrem.
1148 2576 1338 2664 Adquievit‚
1374 2597 1446 2643 cus-

434 2679 560 2745 todiam
576 2680 672 2747 nobis
695 2679 863 2766 relegavit,
880 2680 944 2758 sed,
961 2701 1035 2746 cum
1060 2679 1209 2747 ‘varium
1232 2685 1267 2746 et
1288 2678 1447 2744 mutabile

395 2788 412 2817 ‘⁴
435 2790 585 2868 ‘semper
606 2782 760 2848 foemina’
784 2781 835 2859 sit,
859 2782 1010 2850 condicto
1033 2802 1100 2849 non
1115 2783 1218 2861 stetit,
1241 2782 1326 2848 etin
1348 2781 1448 2849 atium

395 2883 550 2950 “villam
573 2905 642 2951 rem
665 2885 823 2970 martyris
845 2884 1009 2953 distraxit.

395 3010 403 3021 ’
440 2996 456 3021 “
481 2986 577 3067 Quod
599 3008 675 3054 cum
706 2987 910 3073 pervenisset
935 2987 979 3054 ad
1009 2986 1164 3054 notitiam
1196 2994 1350 3065 nostram,
1374 3007 1446 3053 eam

395 3097 411 3125 “
434 3095 469 3156 et
500 3095 688 3178 emptorem
720 3090 940 3168 convenimus,
980 3090 1125 3156 dicentes
1164 3090 1251 3176 quod
1290 3091 1446 3156 damnum

395 3200 413 3230 “
436 3214 572 3259 suarum
594 3215 704 3260 rerum
739 3195 943 3262 incurrerent
975 3192 1040 3257 nisi
1064 3214 1161 3259 suum
1193 3193 1332 3278 martyri
1354 3192 1450 3279 resti·

399 3306 416 3331 ‘¹
440 3301 579 3363 tuerent.
627 3297 723 3378 Quod
755 3297 897 3385 contigit
923 3296 1025 3382 juxta
1047 3296 1135 3382 quod
1160 3295 1311 3361 diximus.
1358 3294 1448 3360 Nam

396 3407 413 3433 “
435 3420 513 3465 mox
545 3404 682 3485 emptor,
705 3400 824 3467 amisso
851 3399 1005 3487 jumento
1027 3420 1094 3478 suo,
1126 3393 1229 3485 ipsius
1251 3398 1299 3465 rei
1331 3396 1448 3464 didicit

397 3508 413 3535 “
436 3500 662 3586 experimento
690 3502 769 3588 quia
790 3524 832 3568 ex
866 3500 997 3587 injuriis
1020 3502 1125 3570 sancti
1148 3502 1269 3568 damna
1292 3523 1351 3568 sua
1373 3522 1448 3587 pro-

396 3611 412 3637 “
435 3603 614 3669 commeent.
671 3603 790 3690 Itaque
822 3605 939 3672 timore
970 3610 1006 3671 et
1034 3605 1270 3673 ammonitione
1300 3605 1447 3670 concussi

396 3715 412 3739 “
435 3706 658 3784 reddiderunt,
682 3706 740 3774 illa
760 3707 919 3785 denarios,
936 3706 990 3773 ille
1014 3707 1166 3774 vitulum.
1214 3708 1287 3787 Quo
1309 3706 1445 3782 reddito,

397 3817 413 3842 “
436 3814 511 3896 post
540 3814 607 3875 tres
638 3809 860 3878 hebdomadas
883 3810 1029 3877 reddidit
1051 3817 1086 3877 et
1108 3812 1298 3897 jumentum
1321 3816 1448 3895 martyr·

397 3919 413 3945 ‘¹
435 3912 600 3991 amissum,
617 3918 777 3999 tanquam
802 3915 932 3992 diceret,
958 3912 1098 3978 ‘Aufeia
1120 3913 1212 3992 mihi,
1235 3914 1346 3980 eutero
1369 3912 1450 3991 tibi3

397 4023 414 4047 “
438 4015 570 4080 ‘reddis
602 4017 691 4093 mihi,
727 4017 827 4082 reddo
852 4015 934 4082 tibi?
979 4016 1151 4104 Mittimus¹
1176 4017 1280 4104 igitur
1303 4015 1448 4080 vitulum

397 4125 413 4151 “
436 4118 568 4196 advos,
588 4118 659 4204 jam
681 4119 834 4185 adultum
857 4125 891 4185 et
914 4119 1186 4199 conternantem,l
1209 4124 1376 4206 sperantes
1408 4118 1449 4184 de

398 4230 413 4254 ‘⁴
436 4223 546 4306 gratia
568 4223 724 4308 martyria
747 4223 783 4287 in
806 4223 961 4308 obsequio
984 4223 1135 4288 muneris.
1183 4221 1324 4288 Vaiete.’'

430 4520 906 4584 ¹cr.1ssi.xv.s(vru1ameonor-
947 4527 962 4552 “
978 4521 1022 4587 qui
1044 4529 1083 4573 cst
1111 4522 1139 4571 in
1175 4521 1344 4587 completione
1380 4522 1447 4575 tertii

400 4604 522 4667 nantem).
564 4606 579 4633 ¹⁸
592 4603 749 4657 conternans
760 4603 851 4656 dicitur
862 4604 906 4656 illc
945 4607 961 4633 ⁴⁴
980 4602 1233 4669 anni”-Ducange.
