3316 6240
270 2865 321 2916 His
332 2867 413 2917 reluc-

270 2939 345 2983 tance
356 2934 379 2983 is

270 3014 412 3051 overeome.

272 3673 315 3724 Hc
326 3674 349 3723 is

271 3741 371 3791 elected

271 3806 355 3855 arch(

271 3872 371 3937 bishop,

271 3938 344 4002 May,
355 3944 426 3991 1162.

445 728 465 789 8
824 741 905 789 vira
928 742 952 790 s.
976 742 1114 801 raons,

446 929 551 993 vitam
574 930 778 994 secretiorem
801 930 985 1015 appetebat,
1009 952 1074 1014 qua
1100 930 1338 1015 competentius
1361 929 1405 993 ad
1427 929 1492 993 Ra-

444 1029 569 1095 chelem
592 1032 738 1107 intraret,
755 1038 789 1095 et
812 1032 903 1095 Liam
927 1053 994 1095 non
1018 1031 1185 1107 desereret,
1209 1053 1275 1115 qua
1296 1031 1441 1097 vicissim
1457 1030 1493 1094 in

444 1152 574 1215 campos
597 1153 671 1196 cum
686 1132 775 1208 Jesu,
792 1137 826 1196 et
848 1154 923 1197 eum
940 1133 1053 1217 Moyse
1076 1132 1286 1197 descenderet
1308 1131 1349 1196 de
1371 1137 1492 1198 monte.

445 1232 510 1296 Sed
533 1238 568 1296 et
588 1232 650 1296 hoc
665 1233 824 1317 cogitanti
842 1233 1040 1298 reclamabat
1061 1233 1127 1297 alia
1142 1232 1375 1318 scriptura,—“
1387 1232 1493 1296 Locus

445 1342 461 1367 ‘¹
483 1333 637 1417 superior,
661 1334 731 1398 sine
765 1355 830 1417 quo
851 1333 992 1419 populus
1026 1334 1095 1419 regi
1129 1355 1195 1398 non
1218 1337 1334 1418 potest,
1358 1333 1420 1396 etsi
1443 1334 1493 1397 ita

445 1443 461 1468 “
483 1441 636 1500 teneatur
658 1440 692 1499 et
714 1436 962 1499 administretur
984 1440 1023 1499 ut
1046 1435 1145 1511 decet,
1169 1441 1281 1499 tamen
1304 1435 1492 1499 indecenter

445 1546 461 1570 “
482 1538 658 1622 appetitur.
720 1537 761 1599 In
798 1537 869 1601 Deo
899 1537 1003 1600 otium
1034 1542 1184 1600 sanctum
1215 1536 1335 1620 quaerit
1373 1536 1492 1601 caritas

444 1646 460 1671 “
483 1638 642 1713 veritatis,
675 1638 844 1722 negotium
875 1637 1004 1722 justum
1038 1637 1176 1721 suscipit
1201 1637 1376 1701 necessitas
1410 1636 1492 1702 cari·

443 1747 460 1772 “
483 1737 612 1803 tatis.''1
658 1738 703 1802 Et
736 1739 823 1815 item,
848 1747 864 1772 “
877 1737 971 1803 Sicut
994 1739 1051 1823 qui
1074 1739 1238 1802 invitatus
1260 1738 1378 1813 renuit,
1402 1758 1491 1822 quae·
1587 1804 1591 1809 ,

443 1846 460 1873 “
482 1839 566 1903 situs
603 1838 732 1924 refugit,
765 1839 864 1903 seems
898 1844 949 1902 est
982 1838 1141 1902 altaribus
1179 1838 1412 1915 admovendus,
1444 1838 1492 1902 sio

443 1940 539 2024 “qui
569 1939 657 2002 ultro
681 1938 836 2024 [ambit]²
858 1947 917 2003 aut
940 1939 1128 2024 importune
1162 1961 1196 2003 se
1227 1939 1349 2024 ingerit
1379 1937 1492 2024 procul

444 2048 460 2073 “
483 2040 584 2104 dubio
607 2045 657 2103 cst
679 2037 936 2123 repellendus''³
981 2040 1033 2103 Ob
1047 2039 1109 2103 hoc
1133 2040 1220 2124 quod
1243 2040 1354 2124 potius
1377 2061 1491 2123 seque·

443 2145 535 2204 retur
556 2162 622 2203 non
645 2140 782 2203 invenit.
829 2140 873 2204 Et
895 2161 934 2203 eo
956 2162 1060 2224 usque
1084 2140 1220 2204 dividuo
1243 2140 1353 2204 animo
1372 2140 1490 2205 fluetu-

442 2241 529 2316 abat,
552 2248 591 2304 ut
614 2240 749 2325 eligeret
773 2241 883 2326 potius
905 2263 1015 2325 regem
1037 2241 1179 2306 amioum
1203 2242 1353 2325 privatus
1371 2241 1491 2306 habere

443 2364 542 2427 quarn
580 2343 809 2427 privilegiatus
846 2343 1078 2407 adversarium.
1135 2343 1253 2426 Itaque
1286 2344 1316 2407 ei
1353 2343 1492 2427 aliisque

443 2466 519 2508 euru
542 2465 732 2530 promovere
755 2444 943 2508 volentibus
966 2443 1170 2527 aliquamdiu
1193 2444 1372 2509 reluctatus
1395 2451 1453 2510 est.

578 2691 636 2774 (6.)
663 2689 830 2771 Quoozodo
853 2691 993 2777 azoeccpit
1015 2690 1343 2777 oceldcpiacopctuea.

488 2861 652 2927 Caeterum
690 2864 865 2948 providens
907 2863 1069 2927 Dominus
1115 2863 1226 2927 domui
1271 2884 1347 2937 suae,
1394 2883 1492 2946 quam

442 2985 528 3029 novo
563 2965 628 3029 sole
651 2966 739 3050 apud
772 2965 987 3030 occidentales
1017 2964 1133 3027 mundi
1163 2969 1272 3048 partes
1306 2963 1491 3027 illuminare

442 3064 611 3150 disposuit,
650 3067 716 3129 viri
754 3066 950 3130 venerabilis
983 3065 1119 3129 Henrici
1157 3064 1277 3140 Pisani,
1308 3064 1490 3149 presbyteri

442 3164 624 3241 cardinalis,
644 3166 831 3251 apostolicae
846 3167 933 3230 sedis
948 3165 1057 3251 legati,
1081 3167 1234 3250 spiritum
1249 3165 1417 3239 excitavit,
1433 3165 1490 3248 qui

442 3289 517 3330 eum
539 3266 727 3330 hortaretur
750 3274 784 3331 et
807 3267 976 3331 induceret
998 3268 1041 3331 ad
1063 3268 1209 3352 regimen
1239 3266 1489 3351 suscipiendum.

443 3367 517 3446 Quo
541 3367 675 3430 tandem
706 3373 864 3452 tanquam
888 3369 959 3433 vice
982 3369 1070 3432 beati
1094 3368 1184 3432 Petri
1214 3367 1407 3452 compulsus,
1434 3367 1491 3451 qui

443 3467 551 3532 locum
585 3468 761 3553 regiminis,
786 3469 871 3533 sieut
905 3469 1165 3533 desiderantibus
1187 3475 1294 3554 negat,
1326 3469 1372 3533 sic
1406 3469 1491 3554 fugi-

442 3569 573 3633 entibus
596 3570 699 3645 offert,
723 3569 887 3634 voluntati
910 3571 996 3656 regis
1012 3578 1045 3634 et
1068 3570 1210 3635 consiliis
1234 3570 1411 3634 amicorum
1434 3570 1492 3634 ad-

443 3671 581 3754 quievit.
648 3671 757 3756 Igitur
794 3672 833 3736 de
872 3672 1044 3737 voluntate
1089 3672 1159 3756 ejus
1197 3672 1389 3736 certioratus
1434 3693 1527 3735 rex.

441 3774 532 3839 misit
554 3797 629 3838 eum
645 3775 680 3838 in
696 3774 850 3861 Angliam
866 3775 909 3839 ad
924 3775 1144 3860 expediendas
1159 3775 1251 3860 regni
1274 3774 1491 3851 necessitates,

445 3876 611 3960 episcopos
634 3897 711 3939 vero
738 3882 772 3939 ct
795 3877 969 3960 optimates
1001 3876 1156 3961 quosdam
1180 3875 1222 3938 ad
1254 3874 1493 3939 conveniendos

443 3975 558 4039 fratres
586 3974 832 4040 Cantuariensis
862 3976 1004 4040 ecclesiae
1027 3998 1124 4060 super
1146 3975 1296 4059 eligendo
1330 3976 1492 4059 pontifice.

442 4077 569 4155 Quibus
604 4075 639 4138 in
661 4076 768 4139 medio
799 4098 912 4140 eorum
934 4078 1036 4142 verba
1065 4078 1150 4162 regis
1180 4076 1427 4161 proferentibus,
1460 4083 1494 4141 et

442 4178 661 4264 allegantibus
707 4177 770 4262 ipsi
808 4179 917 4243 animo
962 4201 1031 4243 esse
1076 4178 1306 4244 Cantuariensi
1351 4177 1493 4242 ecelesiae

442 4345 464 4350 ...
478 4342 625 4349 ..α-η.-
654 4342 658 4346 .
720 4341 726 4345 -
772 4340 1003 4350 -.--.·---......--.
1023 4344 1150 4351 —.-—-—
1173 4343 1270 4350 ----—
1301 4344 1308 4348 -
1344 4344 1351 4348 -

475 4424 483 4457 ¹
504 4424 568 4488 Aug
580 4426 611 4473 de
624 4423 680 4473 civ.
691 4422 749 4483 Dei,
761 4422 814 4472 xix.
829 4428 866 4472 19.
965 4430 968 4439 “
988 4425 1056 4474 cited
1067 4426 1178 4490 through
1199 4425 1242 4474 the
1258 4424 1368 4475 medium
1379 4424 1410 4473 oi
1426 4424 1492 4474 Gra-

473 4506 484 4538 ²
502 4507 618 4558 Omitted
630 4506 657 4556 in
668 4506 725 4557 MS.
739 4504 850 4555 Winton.
988 4503 1050 4563 tian,
1070 4504 1145 4553 Decr.
1167 4520 1191 4566 p.
1212 4502 1246 4561 ii,
1264 4518 1341 4551 eausa
1355 4502 1372 4550 i.
1392 4518 1435 4565 qu.
1453 4501 1489 4551 vi.

473 4586 484 4618 ³
502 4585 581 4649 Greg.
593 4584 694 4649 M.,Ep.
702 4584 737 4632 ix.
753 4589 798 4635 106
809 4585 945 4649 (probably
988 4599 1009 4633 c.
1023 4586 1062 4644 3).
