3316 6240
278 840 286 857 Ι
365 759 431 823 390
698 770 877 819 siarcum
900 773 924 819 s.
948 770 1087 830 aucun,
1287 755 1365 837 [eur.
1383 771 1414 821 V.

198 972 332 1032 souerse
412 958 559 1027 Clericus
576 960 712 1045 quidam
726 959 898 1037 Robertus‚
915 959 1030 1026 ovilla
1044 981 1144 1046 quarn
1159 958 1416 1042 Wicheburgum

199 1037 312 1155 ssfflf
368 1061 527 1148 Anglieus
549 1063 703 1148 appellat,
719 1062 829 1126 nisum
853 1063 1050 1128 mutandum
1073 1063 1208 1128 miserat
1223 1062 1259 1125 in
1275 1080 1416 1135 caveam,

198 1169 315 1233 tomugh
368 1165 421 1231 cui
437 1171 471 1230 ct
493 1165 640 1229 mulier-is
656 1165 840 1230 custodiam
857 1165 1031 1250 delegarat.
1079 1165 1161 1244 Qua
1176 1186 1251 1230 curn
1268 1164 1321 1228 die
1337 1183 1417 1247 qua-

200 1238 313 1352 ffiffi'
368 1266 445 1330 dam
484 1288 590 1332 escam
627 1266 770 1341 inferret,
808 1287 876 1330 nou
913 1266 1021 1330 ferens
1060 1267 1126 1332 ales
1165 1267 1341 1331 diuturnas
1383 1267 1418 1328 et

200 1384 329 1444 amnon-¹
368 1368 542 1452 degeneres
565 1368 701 1433 car-ceris
723 1368 901 1454 angustiae,
925 1368 1054 1454 clapsus
1085 1369 1238 1433 evolavit.
1285 1366 1417 1430 Timens

198 1433 356 1564 ffiffiff
368 1469 473 1555 igitur
510 1470 627 1533 mulier·
664 1492 705 1533 ne
753 1469 965 1557 negligentia
1003 1492 1071 1535 sure
1117 1470 1275 1534 damnum
1320 1487 1417 1530 suurn

200 1582 342 1683 {lhgffiffl
369 1571 520 1656 dominus
543 1572 731 1656 imputaret,
754 1572 888 1636 beatum
912 1571 1071 1636 Thomanr
1094 1578 1274 1656 martyrem
1305 1569 1423 1653 (lepre.-

200 1698 348 1763 ffi⁰⁸ma
368 1673 437 1738 ⁰⁰11
459 1673 568 1758 ⁰oePib
592 1695 633 1737 ne
656 1674 699 1737 ab
721 1673 792 1758 ejus
821 1674 930 1759 gratia
960 1674 1098 1738 caderet.
1145 1672 1346 1757 Faciensque
1376 1668 1418 1731 ob

200 1764 329 1816 butum·
369 1775 507 1840 eandem
530 1797 661 1841 causam
691 1776 824 1842 missam
859 1776 1023 1853 celebr-ari,
1059 1777 1212 1862 quamvis
1242 1776 1279 1838 in
1308 1792 1417 1859 prosc-

98 1826 108 1851 *
202 1833 318 1883 covered.

62 4556 73 4575 ,
202 4516 293 4564 clerk's

370 1878 500 1964 quando
524 1878 689 1944 volucrem
711 1900 848 1964 parvam
871 1901 962 1964 spem
993 1885 1136 1964 poneret,
1164 1886 1276 1943 tamen
1306 1875 1418 1961 sylvas

370 1985 405 2045 et
427 1980 562 2046 dumeta
583 1982 786 2067 peragrabat.
848 1981 982 2047 Postera
1004 2004 1117 2045 rursus
1140 1981 1193 2045 die
1216 1978 1338 2065 passim
1361 1998 1419 2062 per

369 2103 465 2167 agros
497 2088 531 2147 et
562 2104 620 2168 per
651 2082 794 2150 frutecta
824 2083 977 2161 cucurrit,
1011 2088 1050 2147 ut
1081 2082 1206 2148 furiosa
1236 2086 1418 2168 putaretur,

370 2190 550 2271 martyrem
573 2185 735 2270 lacrymis
759 2186 964 2263 clamoribus,
981 2192 1016 2250 et
1037 2186 1132 2250 flexis
1155 2185 1294 2271 genibus
1317 2183 1418 2273 inter-

370 2284 503 2371 pellans.
550 2285 614 2350 Die
636 2287 737 2352 tertia
758 2286 974 2352 nihilominus
997 2308 1125 2373 egressa
1147 2286 1266 2372 aspicit
1287 2285 1419 2369 a-longe

370 2388 518 2454 volueres
541 2389 631 2466 duos,
646 2384 787 2453 alterum
809 2389 885 2466 albi,
901 2389 1042 2455 alterurn
1065 2391 1180 2456 coloris
1202 2389 1291 2466 aerii,
1306 2387 1419 2452 album

370 2496 529 2575 tanquam
575 2491 747 2576 fugantem
792 2490 943 2568 alterurn,
988 2498 1023 2557 et
1070 2497 1240 2577 cogentem
1288 2488 1417 2554 reverti

330 2594 334 2601 '
369 2592 505 2658 Poterat
528 2593 586 2678 qui
609 2592 747 2678 fugabat
762 2593 963 2677 majusculus
983 2593 1134 2658 columba
1148 2593 1262 2658 videri.
1302 2591 1421 2656 Stabat

371 2694 489 2759 mulier
521 2700 556 2759 et
587 2695 811 2781 spectaculum
845 2695 995 2760 mirabile
1029 2696 1219 2773 mirabatur,
1243 2696 1346 2783 figens
1368 2695 1419 2758 in·

371 2818 496 2862 cessum
520 2796 624 2861 donec
654 2796 784 2860 videret
813 2804 978 2863 eventum.
1026 2798 1309 2884 Appropiantibus
1343 2797 1418 2873 illis,

371 2900 429 2985 qui
460 2898 631 2985 fugantem
665 2899 813 2985 fugiebat
835 2899 878 2964 ab
900 2921 973 2965 aare
996 2900 1151 2985 dilapsus,
1174 2901 1301 2966 modico
1323 2922 1418 2985 aquae

371 3024 445 3088 quae
468 3001 644 3088 stagnabat
666 3000 702 3064 in
724 3001 832 3066 orbita
855 3022 980 3087 pennas
1003 3002 1143 3087 irriguas
1164 3003 1280 3067 sudore
1303 3002 1418 3079 abluit,

370 3112 530 3191 tanquam
564 3124 712 3168 recreans
747 3125 781 3167 se
815 3108 892 3187 post
913 3103 1005 3189 longi
1027 3103 1158 3169 volatus
1180 3103 1417 3190 fatigationem.

370 3206 460 3271 Durn
502 3204 620 3268 mulier·
661 3203 911 3289 contemplatur,
942 3205 1091 3291 agnoscit
1117 3206 1286 3282 ‚volucrem
1320 3228 1417 3291 quem

371 3306 567 3393 perdiderat.
625 3304 714 3383 Quid
763 3305 889 3369 faciat?
946 3304 1102 3371 Clamet?
1146 3306 1318 3386 avolabit;
1365 3328 1417 3373 ac·

370 3408 489 3474 cedet?
526 3405 657 3471 nocebit
686 3426 840 3471 accessus.
903 3406 1019 3472 Escarn
1048 3428 1116 3472 non
1146 3407 1290 3473 habebat
1319 3429 1418 3492 quarn

370 3508 608 3597 praetenderet3
637 3507 738 3572 verba
760 3529 827 3573 non
850 3509 1010 3574 didicerat
1032 3530 1106 3594 quae
1137 3509 1302 3581 volucrem
1332 3509 1418 3595 fugi-

370 3613 478 3677 tivum
501 3630 652 3675 revocare
674 3610 801 3691 solent,
849 3610 939 3675 Dum
962 3611 1096 3676 dubitat
1117 3613 1198 3697 quid
1220 3618 1306 3697 agat,
1330 3612 1418 3676 subi-

371 3722 443 3780 turn
489 3713 599 3798 erupit
644 3713 680 3776 in
718 3714 900 3791 clamorem,
941 3714 1089 3779 “Sancte
1134 3714 1267 3791 Thema,
1313 3715 1418 3779 retine

372 3824 389 3849 “
411 3814 621 3880 v'olucrem!”
680 3814 776 3881 Hanc
803 3836 917 3880 vocem
939 3815 1101 3900 replicans
1127 3816 1261 3901 propius
1284 3816 1417 3891 accedit,

373 3919 537 3984 volucrem
559 3917 785 4003 apprehendit,
802 3923 836 3983 et
859 3923 1017 4001 tanquam
1047 3918 1260 3985 domesticum
1284 3918 1417 3982 domum

371 4020 559 4106 reportavit.
964 4018 968 4025 “

372 4276 452 4360 (23.)
477 4274 525 4340 Dc
547 4273 684 4340 sceterata
705 4296 780 4360 pace
802 4297 834 4339 sc
856 4274 951 4340 misit
973 4275 1015 4341 c'a
1035 4276 1206 4361 praecisum
1227 4275 1392 4343 etet-ieris.

202 4448 338 4500 Theano
416 4442 561 4507 Clericus
583 4442 760 4527 aliquando
795 4441 971 4527 praedictus
993 4443 1140 4528 graviter
1172 4444 1355 4528 aegrotabat
1386 4449 1420 4509 et

202 4582 350 4641 concubine,
371 4550 442 4607 erat
474 4545 510 4606 in
544 4543 694 4628 proximo
720 4548 759 4607 ut
792 4542 976 4606 efferendus
1008 4551 1100 4608 esset.
1147 4543 1235 4609 Nam
1270 4544 1419 4629 legatarii

202 4648 351 4713 wichingo>
371 4668 423 4710 res
445 4646 516 4729 ejus
539 4645 674 4711 mobiles
706 4652 910 4733 occuparant.
958 4645 1054 4725 Quod
1085 4645 1156 4729 ejus
1190 4648 1421 4713 concubinarie
