3316 6240
253 1360 317 1409 nra.
334 1344 395 1428 vi]
455 1359 613 1409 sacrorn
635 1359 815 1408 wriinnuo
838 1359 1101 1410 caurusmrnsr.
1236 1342 1301 1412 407

669 1890 806 1954 LIBER
828 1890 885 1954 VI.

634 2043 692 2128 (1.)
717 2041 919 2128 [Prataque]

300 2190 458 2276 Quaedam
491 2196 625 2261 interim
663 2196 757 2281 signa
794 2196 947 2259 manibus
980 2195 1120 2260 aliorum
1151 2201 1303 2281 perarata
1315 2206 1450 2271 Prologue.

253 2298 387 2362 videtur
418 2298 572 2361 idoneum
603 2297 803 2371 interserere,
838 2301 877 2360 ut
908 2297 987 2360 dum
1020 2302 1131 2361 noster
1163 2297 1303 2381 respirat

254 2422 364 2484 equus,
388 2421 484 2464 onere
508 2421 567 2463 suo
589 2398 756 2484 fatigatus,
780 2399 901 2483 spiritu
923 2403 1092 2482 resumpto
1114 2398 1205 2461 viam
1229 2420 1302 2483 spa-

252 2502 371 2565 tiosam
404 2513 504 2586 quam
542 2500 666 2585 incepit
699 2504 869 2584 percurrat
899 2498 1047 2563 alacrius.
1103 2498 1192 2562 Nam
1215 2498 1302 2582 quod
1405 2507 1410 2513 '

252 2609 342 2667 earet
364 2603 492 2666 alterna
506 2602 618 2685 requie
635 2600 783 2665 durabile
806 2621 873 2663 non
896 2606 952 2663 est.
1000 2599 1176 2684 Speremus
1192 2605 1302 2664 autern

254 2705 294 2769 de
317 2704 442 2767 Divina
465 2702 694 2778 misericordia,
719 2702 874 2786 quoniam
890 2723 971 2787 opus
995 2702 1082 2786 quod
1113 2702 1302 2786 incepimus,

254 2805 326 2889 ipsa
360 2804 588 2889 praeveniente,
624 2804 737 2868 eadem
769 2804 997 2887 subsequente,
1031 2803 1157 2867 meritis
1189 2803 1303 2867 suffra-

254 2904 411 2990 gantibus
433 2905 539 2969 sancti
562 2905 725 2988 martyr-ic,
749 2904 802 2968 cui
819 2903 1046 2988 qualicunque,
1071 2905 1222 2987 quamvis
1238 2925 1304 2967 non

255 3006 425 3090 condigno,
449 3005 647 3070 famulamur
669 3005 832 3089 obsequio,
856 3026 1095 3089 prosequemur.

258 3240 316 3324 (2.)
340 3241 388 3306 De
410 3239 558 3326 episcopo
581 3238 770 3305 anraiertai
792 3238 834 3303 ob
857 3237 1076 3304 bcmitritoeo¹
1100 3246 1130 3303 ct
1150 3199 1321 3325 plebat,

417 3340 627 3427 familiaque
650 3340 721 3424 ejus
744 3363 767 3406 a
790 3339 966 3418 caecato?
988 3340 1138 3406 literato.

303 3497 565 3562 “Sanctissimis
596 3496 738 3561 dominis
769 3502 804 3561 et
837 3496 994 3561 fratribus
1028 3498 1064 3560 in
1094 3497 1227 3562 Christo
1254 3519 1305 3561 ca-
1319 3504 1374 3554 The
1387 3505 1473 3555 cathe-

259 3609 276 3633 “
299 3599 443 3676 rissimis‚
462 3599 570 3664 Odoni
594 3598 695 3684 priori
719 3603 753 3662 et
775 3598 929 3662 omnibus
945 3599 1003 3682 qui
1025 3598 1061 3660 in
1084 3604 1198 3663 sancta
1220 3597 1305 3663 Can-
1319 3572 1470 3688 fflffll

258 3709 274 3735 “
298 3701 456 3765 tuariensi
479 3701 612 3765 ecelesia
646 3699 789 3766 Domino
819 3700 1032 3777 famulantur,
1055 3699 1160 3764 clerus
1184 3700 1305 3764 Exani-
1318 3703 1401 3778 tolthe

258 3803 383 3867 “ensis
407 3802 548 3868 eeclesiae
572 3803 711 3867 salutem
735 3808 770 3866 et
792 3803 926 3866 sincerae
945 3802 1097 3866 caritatis
1119 3802 1280 3866 affectum.
1318 3769 1467 3884 ffiffif

302 3913 318 3938 “
341 3904 508 3990 Magnalia
530 3904 594 3969 Dei
618 3903 712 3968 silere
738 3925 805 3968 non
830 3925 1009 3988 possumus,
1034 3904 1092 3988 qui
1126 3904 1304 3968 misericor·
1318 3901 1424 3950 Canar-

258 4015 273 4040 “
297 4007 386 4071 diam
402 4007 472 4091 ejus
487 4027 592 4091 nuper
607 4005 736 4091 experti
751 4026 864 4069 sumus
876 4005 911 4067 in
926 4005 1146 4069 consolatione
1162 4005 1304 4070 ecclesiae
1317 3967 1472 4108 dilybishop

258 4116 274 4143 “
296 4113 424 4172 nostrae.
480 4107 568 4171 Nam
599 4112 674 4192 post
709 4106 969 4193 Epiphaniorum
1001 4106 1147 4170 solennia
1170 4128 1304 4172 venera-
1317 4110 1450 4161 ofnxeter

258 4217 274 4243 “
296 4208 372 4272 bilis
405 4207 558 4272 dominus
584 4214 619 4272 et
647 4213 744 4293 pater
772 4213 884 4273 noster
914 4206 1182 4283 Bartholomaeus,
1218 4208 1304 4273 Oan-
1318 4176 1472 4292 {fflffissu

258 4317 275 4343 “
297 4309 472 4372 tuariensis
495 4309 637 4373 ecelesias
668 4309 830 4384 alumnus,
863 4314 897 4372 et
922 4313 1043 4372 nostrae
1067 4308 1213 4372 civitatis
1236 4310 1304 4394 epi·
1318 4307 1450 4384 sever-ana

259 4418 276 4444 “
298 4430 421 4494 scopus,
444 4409 565 4474 nostris
596 4410 737 4495 peccatis
768 4410 985 4496 exigentibus,
1012 4408 1048 4472 in
1077 4410 1305 4493 gravissimam
1318 4375 1437 4488 iffi?

259 4520 275 4545 “
297 4516 332 4576 et
354 4510 481 4576 cunctis
510 4509 656 4595 physicis
687 4511 894 4596 desperatum
924 4510 1043 4574 incidit
1065 4510 1303 4595 aegritudinem,
1318 4503 1459 4580 h⁰⁰⁸⁰l¹⁰¹d

259 4621 276 4648 “
299 4618 332 4676 et
353 4611 551 4676 hemitritaeo
574 4620 609 4676 et
631 4612 766 4697 pleurisi
789 4612 1039 4676 intolerabiliter
1061 4612 1224 4676 cruciatus
1247 4570 1437 4687 sexiiffizln

260 4715 368 4779 “dies
400 4720 435 4778 et
465 4721 577 4779 noctes
608 4736 738 4800 prorsus
772 4715 841 4800 egit
866 4715 1038 4783 insomnes.
1093 4713 1240 4778 Tandem
1262 4715 1305 4777 ad

261 4825 277 4850 “
300 4822 449 4881 extrema
463 4816 622 4881 deductus
646 4823 703 4894 est,
727 4822 761 4880 et
782 4815 835 4880 his
855 4816 1007 4880 omnibus
1029 4836 1103 4899 quae
1126 4815 1304 4879 deficienti-

262 4927 278 4953 “
302 4919 364 4982 bus
402 4917 550 4982 exhiberi
589 4918 695 4983 solent
727 4918 791 4983 rite
829 4917 976 5002 peractis,
1012 4917 1176 5001 exsequiae
1213 4937 1306 5001 para-

261 5076 420 5084 ——...-.
430 5075 546 5082 ...-——-

294 5161 302 5192 ¹
314 5161 439 5219 castriae,
451 5158 507 5210 MS.
520 5159 584 5219 (and
596 5173 625 5209 so
635 5157 756 5221 through-
843 5155 853 5187 ²
869 5163 979 5214 catarro,
989 5156 1046 5206 Ms.

259 5241 326 5302 out).
