3316 6240
379 792 444 855 442
713 811 892 861 umerum
914 815 938 861 s.
963 813 1102 873 moun,
1282 798 1360 883 [nm.
1378 815 1423 864 vr

208 1010 283 1061 Hois
377 994 523 1077 parvula,
548 1016 621 1079 qme
645 998 758 1061 statim
793 1005 832 1061 ut
865 1021 886 1062 a
918 999 1075 1063 maternis
1098 999 1277 1063 visceribus
1301 1000 1425 1084 prodiit

208 1079 355 1193 {lti'ffihl
377 1095 412 1158 in
435 1095 550 1172 lucem,
574 1102 608 1159 et
631 1104 824 1181 regenerata
847 1104 904 1175 est,
929 1099 993 1164 luci
1028 1100 1199 1165 subtracta
1232 1105 1289 1176 est,
1313 1101 1424 1165 astitit

208 1208 265 1259 who
276 1181 328 1259 had
376 1199 406 1261 ei
430 1199 549 1275 dicens,
575 1198 710 1279 “Quare
733 1221 799 1263 non
822 1201 895 1264 adis
919 1202 1069 1266 tumbam
1092 1202 1249 1286 martyris
1264 1201 1424 1266 'lhomeel

206 1274 352 1404 ἓξὲξ·
378 1309 394 1333 ¹‘
417 1300 527 1365 Dicito
542 1301 630 1385 patri
646 1306 705 1364 tuo
720 1301 807 1385 quod
824 1308 857 1365 te
873 1303 1082 1367 transmittat
1104 1302 1187 1366 ill0.’'
1223 1302 1296 1367 Hoc
1312 1303 1423 1368 (licens

207 1407 310 1470 ruhi*
375 1402 584 1467 osculabatur
615 1403 750 1467 fratrem
783 1408 817 1467 et
849 1405 1081 1468 suavissimum
1114 1404 1154 1468 dc
1185 1405 1321 1469 naribus
1355 1405 1423 1468 suis

205 1472 336 1589 {iffin‘ss‘
375 1505 522 1589 spirabat
553 1504 692 1568 odorem.
740 1504 795 1569 Sic
828 1511 862 1568 ct
896 1505 1038 1570 secundo
1072 1506 1227 1590 apparuit
1250 1507 1289 1582 ei,
1322 1508 1425 1571 verba

205 1603 235 1688 pf
251 1604 288 1655 St·
374 1605 556 1671 consimilia
579 1612 737 1691 repetens.
795 1606 900 1671 Puero
938 1628 1016 1671 vero
1050 1607 1210 1671 visionem
1256 1614 1421 1685 narrante,

209 1670 324 1721 mm
373 1712 468 1792 pater
489 1707 639 1792 ingratus
661 1707 785 1792 gratias
809 1708 949 1792 niartyri
973 1708 1102 1772 debitas
1126 1713 1161 1773 et
1191 1709 1256 1773 iter
1278 1711 1422 1795 peregri-

372 1810 515 1875 nationis
538 1810 718 1875 differebat.
765 1808 875 1875 Tertio
898 1832 975 1874 vero
1007 1811 1138 1875 monuit
1171 1812 1260 1896 quod
1283 1821 1420 1897 pareret,

371 1911 495 1975 addens
518 1910 600 1995 quid
622 1910 695 1995 ipsa
717 1910 758 1974 de
781 1915 898 1976 caetero
922 1932 989 1975 non
1011 1917 1195 1997 appareret.

506 2121 586 2206 (30.)
610 2121 658 2186 De
680 2120 791 2188 uellite
812 2121 1098 2189 oeconrmouieoto
1121 2130 1263 2190 nemum.

203 2293 359 2346 seruorum
415 2279 546 2366 Agebat
569 2281 604 2344 in
627 2283 783 2345 extremis
806 2281 900 2345 miles
935 2280 975 2346 de
999 2280 1116 2358 Verria,
1142 2281 1338 2367 Radulphus
1360 2304 1417 2346 no-

203 2371 347 2487 ffilffiffifw
371 2380 467 2457 mine,
502 2381 599 2466 plaga
632 2380 777 2467 duplicil
811 2403 992 2467 percussus.
1039 2382 1128 2446 Nam
1162 2383 1285 2446 vulnus
1322 2387 1418 2448 atrox

204 2492 299 2554 verne
370 2488 538 2566 acceperat
561 2482 597 2544 in
619 2503 751 2568 corpore
775 2483 854 2546 dum
877 2506 928 2547 res
951 2481 1186 2549 ecclesiasticas
1202 2484 1415 2568 praedaretur,

202 2564 345 2692 imm),
370 2591 405 2647 et
420 2584 541 2647 vulnus
556 2583 699 2649 atrocius
714 2584 897 2668 pertulerat
911 2586 948 2648 in
963 2590 1074 2649 mente
1091 2585 1170 2649 dum
1194 2586 1417 2652 excommrmi-

201 2690 274 2768 enen
370 2687 508 2752 cationis
531 2686 697 2750 sententia
719 2686 879 2750 feriretur.
927 2686 1102 2767 Quendam
1137 2694 1248 2752 autem
1272 2666 1360 2753 vidit
1381 2689 1417 2752 in

200 2758 338 2875 fflffi]
368 2789 490 2856 exstasi
513 2790 634 2854 mentis
650 2789 829 2868 visionem3
852 2811 992 2875 cumque
1014 2790 1137 2855 rediret
1159 2791 1202 2856 ad
1225 2816 1267 2869 se,
1293 2792 1416 2858 vocatis

199 2896 263 2940 ⁰⁸¹0·
367 2893 419 2957 his
442 2893 485 2958 ad
507 2914 542 2956 se
564 2914 646 2976 quos
669 2891 825 2957 sollicitos
847 2892 1037 2958 reddiderat
1070 2893 1111 2957 de
1143 2917 1185 2970 se,
1209 2895 1366 2979 quaesivit
1387 2894 1415 2959 si

368 2995 529 3059 vidissent
552 2999 586 3058 et
620 2993 683 3078 ipsi
706 2993 840 3058 beatum
864 2993 1033 3070 'rhomam
1058 3016 1158 3078 quem
1183 2995 1252 3080 ipse
1275 2996 1413 3061 viderat.

368 3096 577 3183 Negantibua
601 3094 674 3172 illis,
700 3103 715 3128 “
726 3095 767 3158 In
789 3100 883 3160 veste
906 3095 1008 3172 alba,''
1044 3096 1163 3181 inquit,
1189 3097 1417 3164 “versabatur

369 3207 385 3232 “
407 3199 493 3264 circa
515 3219 575 3274 me,
599 3196 913 3282 multitudinemque
936 3196 1107 3283 nigrorum
1131 3198 1278 3263 virorum
1302 3200 1413 3265 volen-

368 3310 385 3335 “
408 3302 494 3366 tium
517 3322 630 3385 rapere
653 3322 704 3364 me
727 3299 868 3384 fugabat
889 3320 911 3363 a
948 3321 1009 3375 me,
1033 3300 1153 3377 dicens,
1178 3300 1321 3367 ‘Noster
1343 3308 1394 3366 est
1406 3326 1413 3379 ;

368 3413 384 3438 “
408 3413 492 3467 ‘non
507 3403 676 3468 abducetis
692 3401 785 3466 eum.5
818 3402 935 3466 Sedet
957 3402 1040 3466 mihi
1064 3403 1152 3468 dixit
1175 3404 1254 3490 quia
1274 3427 1295 3470 a
1317 3427 1412 3471 earne

368 3514 590 3569 “recessurus
621 3525 702 3579 suni,
741 3503 933 3587 emovitque
967 3508 1095 3568 tentam
1126 3527 1147 3569 a
1192 3504 1294 3591 plaga
1356 3506 1411 3570 In-

367 3615 384 3640 “
406 3604 549 3670 venietis
572 3625 648 3689 ergo
667 3603 759 3679 sicut
781 3603 866 3679 fecit,
892 3608 926 3667 et
948 3605 1007 3668 fiet
1029 3605 1115 3670 sicut
1137 3606 1251 3671 dixit?

197 3713 329 3765 Inference
411 3708 527 3773 Soluto
551 3707 662 3790 itaque
697 3704 841 3781 vulnere,
870 3704 972 3789 juxta
995 3707 1132 3770 verbum
1165 3714 1332 3792 repertum
1355 3717 1410 3773 est.

196 3788 303 3910 imp„
366 3811 431 3877 Sed
454 3814 489 3874 et
511 3809 580 3894 ipse
598 3807 699 3892 juxta
723 3807 860 3869 verbum
883 3828 979 3872 came
1003 3808 1129 3872 solutus
1153 3814 1210 3886 est,
1234 3816 1334 3894 atque
1357 3834 1414 3895 per

195 3912 328 3964 salvation.
366 3933 476 3978 veram
499 3909 605 3974 cordis
628 3908 859 3973 contritionem
885 3907 937 3992 (ut
971 3909 1146 3993 eredimus)
1172 3933 1213 3974 ex
1247 3911 1408 3975 desiderio

195 4012 307 4063 Pseudo·
365 4012 530 4103 pontificis
562 4033 583 4076 a
613 4011 755 4096 peccatis
789 4007 967 4075 absolutus.
1024 4012 1060 4075 Si
1092 4011 1188 4089 enim,
1231 4014 1410 4079 seeundum

194 4079 308 4196 ἓξὲξ
365 4116 598 4204 Augustinum,
622 4112 678 4196 qui
702 4132 802 4196 agens
855 4111 891 4175 in
923 4113 1081 4178 extremis
1118 4116 1294 4179 confitetur
1326 4115 1412 4180 socio

196 4213 273 4262 Μ*
301 4278 307 4290 .
365 4218 606 4306 turpitudinem
638 4214 784 4280 criminis
816 4214 861 4279 sit
899 4215 1019 4300 dignus
1050 4217 1149 4282 venia
1186 4239 1227 4282 ox
1250 4217 1411 4283 desiderio

211 4279 219 4303 ,
261 4277 267 4288 .

196 4278 328 4403 ξὲζωὲὲ.
363 4322 548 4397 saccrdotie,
583 4341 641 4385 our
674 4339 741 4381 non
773 4316 818 4381 sit
850 4317 969 4403 dignus
993 4319 1258 4385 reconciliatione
1282 4343 1324 4385 cx
1355 4322 1409 4386 ‹le-

194 4409 300 4526 ffiisse
362 4426 482 4491 siderio
505 4422 647 4510 episcopi
672 4419 729 4505 qui
752 4420 913 4486 sacerdoti
936 4441 1003 4484 non
1037 4427 1138 4508 negat
1171 4423 1334 4489 maculam
1357 4424 1409 4488 sui

194 4540 251 4592 dist.
263 4541 297 4592 vi.
360 4533 496 4595 reatus?

194 4623 216 4658 c,
231 4614 251 4659 1⁸
362 4639 518 4648 ...-..-

776 4673 784 4706 ¹
802 4672 925 4738 dupplici,
936 4674 993 4727 MS.
