3316 6240
375 779 441 842 440
485 763 488 768 ’
710 792 890 843 eumcum
912 793 937 842 s.
961 792 1098 851 raons,
1280 777 1358 860 [mn.
1375 791 1422 841 vr.

209 991 340 1066 Thedead
421 978 512 1042 Dum
557 977 670 1064 itaque
715 978 925 1044 lamentando
978 979 1101 1046 crimen
1147 997 1239 1043 suam
1284 983 1424 1054 accusat,

208 1072 359 1174 ffissdto
378 1082 509 1147 veniam
531 1086 683 1146 meretur.
730 1081 818 1147 Nam
841 1083 899 1167 qui
922 1087 1071 1147 mortuus
1098 1081 1208 1146 fuerat
1237 1080 1360 1146 resedit
1391 1080 1426 1142 in

209 1183 505 1250 remanseram.
552 1183 770 1270 Fugientibus
805 1184 940 1261 eunctis,
976 1192 992 1217 “
1004 1184 1037 1247 N
1040 1206 1057 1248 e
1092 1182 1264 1259 timeatis,''
1299 1182 1428 1266 inquit;

209 1270 334 1373 ἓῗζθᾟθ
381 1285 545 1351 “meritis
583 1284 672 1350 beati
710 1285 865 1370 martyris
904 1285 1038 1351 Thomae
1076 1290 1112 1350 et
1144 1285 1295 1370 precibus
1327 1283 1426 1367 hujus

145 1410 148 1415 ·
212 1389 336 1441 maleum.
380 1397 397 1423 “
419 1388 561 1453 hominis
606 1408 740 1453 revocor
784 1387 827 1452 ad
872 1409 1012 1473 superos.
1070 1388 1158 1454 Vitae
1192 1387 1349 1453 restituor
1385 1406 1428 1449 ne

382 1500 398 1526 “
420 1491 542 1556 viatico
581 1490 763 1567 destituer;
817 1488 859 1554 ad
897 1489 1141 1575 percipiendam
1179 1511 1303 1555 sueram
1341 1509 1427 1554 com-

381 1594 609 1658 “munionem
642 1598 773 1678 tompus
806 1591 1023 1679 indulgetur?
1079 1592 1175 1672 Quod
1206 1593 1345 1657 audiens
1376 1591 1428 1653 vir

380 1694 444 1760 Dei
476 1695 547 1759 Deo
579 1684 704 1780 gratias
743 1695 819 1779 egit,
853 1693 942 1778 quod
973 1717 1006 1759 se
1034 1694 1202 1759 viventem
1233 1695 1269 1757 in
1298 1698 1428 1758 mortuo

380 1797 584 1883 respexisset.
661 1797 902 1882 Celebransque
955 1820 1030 1863 cum
1084 1798 1204 1862 devota
1260 1796 1429 1861 alacritate

381 1900 580 1963 Divinorum
620 1897 789 1965 solennia1
828 1900 1068 1985 mysteriorum,
1104 1900 1144 1963 de
1176 1899 1330 1965 manibus
1363 1899 1429 1961 suis

382 2001 547 2087 spirituali
565 2000 704 2085 jamjam
721 2001 927 2067 decessurum
951 2002 1024 2068 cibo
1046 2001 1166 2078 refecit,
1183 2002 1348 2087 capitique
1371 2021 1430 2064 suo

382 2104 565 2169 membrum
592 2103 774 2188 conjunxit.
836 2104 1020 2169 Redivivus
1059 2105 1170 2190 itaque
1202 2126 1277 2171 cum
1308 2103 1430 2168 viatico

383 2206 527 2272 directus
559 2206 602 2271 ed
636 2206 750 2284 vitam,
784 2207 937 2292 spiritum
970 2207 1104 2274 tradens
1138 2207 1267 2292 quievit
1297 2207 1333 2270 in
1363 2205 1429 2271 Do-

382 2310 480 2375 mino.

444 2541 523 2628 (28.)
556 2538 601 2607 De
624 2538 783 2608 mialelro
806 2541 923 2628 templi.
946 2540 1223 2629 Jerosolpmiteui
1245 2546 1383 2608 euertere.

213 2707 346 2843 pppeplsgp
427 2696 555 2762 Audiat
576 2699 695 2763 caritas
718 2697 857 2762 fratrum
881 2697 962 2782 quid
991 2699 1141 2762 afiatrc
1172 2696 1324 2773 Roberto,
1348 2696 1431 2763 sacri

215 2842 358 2895 relateshis
381 2798 498 2884 templi
530 2798 799 2884 Jerosolymitani
834 2800 993 2875 ministro,
1027 2821 1086 2863 rex
1123 2800 1306 2885 Anglorum
1340 2821 1431 2884 pere-

215 2918 313 2988 eureto
382 2902 498 2987 grinus
521 2901 565 2968 ad
593 2902 744 2967 tumbam
775 2902 931 2987 martyris
962 2902 1112 2966 audierit.
1159 2901 1281 2987 “Ege''
1312 2902 1431 2986 inquit,

213 2976 311 3108 ἒξξη,
383 3003 553 3075 “,domine
584 3005 631 3068 mi
653 3025 720 3080 rex,
744 3004 780 3067 in
810 3004 999 3088 episcopatu
1031 3003 1204 3080 Oestrensi,
1228 3004 1310 3069 ville.
1340 3003 1433 3068 Belc-

214 3120 328 3183 (Liuies-
384 3115 399 3141 “
424 3105 523 3182 chale,
546 3106 641 3190 gravi
665 3111 833 3190 correptus
856 3106 1050 3171 infirmitate
1073 3106 1222 3172 decubui.
1269 3106 1348 3171 Post
1373 3105 1433 3170 ali·

214 3186 315 3253 haur).
385 3215 400 3241 “
425 3213 506 3291 quot
529 3207 599 3272 dies
622 3207 783 3271 visionem
808 3207 887 3283 vidi,
911 3212 945 3272 et
960 3228 1031 3274 ecoe
1055 3209 1153 3273 beata
1176 3208 1289 3284 Maria,
1305 3214 1433 3292 martyr

384 3320 398 3343 ‘⁴
423 3309 647 3386 Eadmundus,
684 3315 719 3374 et
768 3310 929 3375 confessor
971 3310 1160 3375 Leonardus
1197 3311 1432 3396 compatientes

385 3422 400 3446 ‘⁴
424 3413 604 3477 astiterunt
626 3411 717 3489 mihi,
741 3412 951 3497 doloremque
974 3435 1072 3498 quem
1095 3414 1246 3500 patiebar
1277 3413 1320 3477 de
1352 3412 1432 3476 meis

385 3523 400 3549 “
423 3514 611 3599 praeeordiis
633 3513 833 3579 abraserunt.
880 3514 1005 3580 Videns
1028 3521 1139 3580 autem
1160 3517 1277 3580 boatus
1291 3514 1432 3581 Thomas

387 3626 402 3652 “
426 3615 505 3701 quia
526 3615 710 3682 molestiam
734 3616 867 3702 penitus
889 3638 957 3682 non
979 3618 1153 3695 auferrent,
1180 3624 1339 3703 tanquam
1362 3638 1432 3683 suc·

385 3727 402 3753 “
425 3738 567 3796 censens,
591 3718 719 3783 duobus
751 3719 897 3786 articulis
931 3720 1024 3804 pedis
1059 3721 1110 3784 sui
1142 3720 1320 3787 visceribus
1352 3721 1433 3786 meis

386 3830 403 3855 “
426 3820 589 3896 immissis,
623 3820 712 3905 quod
749 3821 917 3886 residuum
956 3828 1027 3886 erat
1064 3822 1267 3888 infirmitatis
1299 3823 1433 3888 amovit.

386 3923 472 3988 “Et
503 3923 677 3989 subsecuta
708 3929 759 3989 est
791 3924 945 4009 angustia
977 3929 1073 3989 tanta
1095 3931 1135 3990 ut
1157 3948 1230 4012 quae
1253 3926 1434 3991 mittuntur

388 4034 404 4059 ‘¹
427 4025 464 4089 in
486 4045 647 4092 secessum
670 4046 745 4091 cum
768 4025 841 4090 vita
870 4026 994 4109 pariter
1025 4026 1228 4113 ejicerentur.
1282 4028 1434 4091 Mortuus

387 4127 538 4212 “itaque
572 4147 631 4212 per
667 4127 811 4212 spatium
848 4128 954 4193 noctis
992 4128 1091 4194 unius
1129 4120 1275 4215 apparui.
1335 4127 1434 4194 Mane

387 4239 404 4265 ‘¹
426 4252 512 4308 vero,
529 4229 608 4316 quia
630 4235 810 4315 martyrem
833 4227 992 4296 Thomam
1016 4232 1136 4318 saepius
1158 4251 1360 4307 vocaveram,
1377 4232 1435 4296 sd-

387 4341 404 4369 “
426 4334 492 4400 huc
513 4331 638 4400 habens
660 4334 746 4400 eirca
767 4332 887 4400 collum
918 4334 1030 4400 licium
1063 4358 1128 4420 quo
1159 4356 1211 4401 me
1234 4335 1270 4400 in
1293 4335 1436 4421 peregri-

387 4442 403 4469 “
426 4435 597 4501 nationem
616 4435 847 4522 obligaveram,
871 4435 981 4504 oeulos
1003 4438 1115 4523 aperui
1141 4443 1176 4503 et
1197 4437 1330 4504 revixi.'’

385 4596 438 4604 —-—
813 4589 867 4606 -..'-
894 4599 953 4607 ---.
967 4597 1432 4607 -..—-.-...-———----·---·---n

793 4684 801 4719 ¹
819 4685 961 4753 solempnia,
971 4687 1028 4739 MS.
