3316 6240
370 814 435 879 294
701 827 881 877 unrocum
903 828 928 877 s.
952 828 1090 891 ruens,
1273 816 1350 898 [rra.
1368 833 1416 881 111.

439 1061 518 1145 (38.)
543 1060 590 1125 Do
608 1058 769 1145 pretiolo
789 1058 847 1124 cei
868 1056 966 1125 clos
988 1058 1126 1125 accrevit
1148 1058 1191 1126 in
1207 1068 1343 1147 pectore.

202 1222 309 1275 Oureof
416 1218 457 1281 In
489 1215 653 1283 territorio
686 1215 851 1281 Castrensi
885 1215 954 1279 filio
985 1216 1157 1301 cujusdam
1183 1216 1342 1283 Willclnri
1375 1221 1415 1285 do

202 1290 319 1409 &toppo
330 1291 360 1343 of
370 1322 474 1386 Terre
496 1320 550 1383 vir
579 1319 662 1385 facio
692 1323 851 1383 venustus
884 1319 920 1381 in
952 1319 1074 1383 somnis
1105 1321 1268 1405 apparuit,
1297 1322 1416 1400 dicens,

370 1431 387 1458 “
409 1422 521 1487 Dicito
543 1420 686 1487 crastina
709 1420 762 1485 die
784 1420 883 1485 matri
905 1419 1109 1506 virgunculae
1129 1421 1319 1499 Adheliciae,
1342 1446 1417 1508 quae

371 1534 388 1561 “
409 1526 495 1590 male
525 1524 626 1590 habet
648 1529 683 1589 ot
705 1523 868 1599 anxiatur,
892 1528 931 1587 ut
962 1524 1061 1589 ducat
1084 1546 1156 1589 eam
1178 1525 1215 1588 in
1238 1527 1416 1591 oratorium

370 1636 387 1663 ‘⁴
410 1626 524 1693 Sancti
539 1626 689 1703 Andreae,
705 1646 791 1711 apua
807 1625 921 1691 Sancti
936 1624 1070 1691 Thomas
1085 1627 1126 1690 de
1141 1647 1243 1692 manu
1258 1628 1416 1694 Wilielmi

370 1737 387 1764 ‘⁴
409 1726 695 1815 perfundendam.”
741 1726 838 1806 Quod
864 1749 940 1792 cunr
963 1727 1016 1791 die
1039 1732 1196 1812 sequente
1219 1730 1417 1815 completum

368 1832 492 1907 fuisset,
515 1834 611 1895 nocte
634 1834 790 1914 sequente
806 1830 842 1893 in
856 1834 986 1914 pectore
1008 1829 1079 1913 ejus
1103 1852 1176 1915 quie
1199 1832 1284 1896 male
1298 1832 1417 1897 habuit

367 1932 460 1997 ulcus
498 1931 662 2010 exerevit3
700 1951 765 2015 quo
802 1934 908 2016 rupto,
947 1931 1105 2015 quicquid
1141 1933 1238 2000 nocui
1270 1932 1416 2001 humoris

367 2034 576 2120 inequalitas
598 2032 741 2118 eorporis
764 2031 938 2118 collegerat
961 2032 1077 2118 erupit.

506 2281 586 2367 (39.)
611 2281 659 2346 De
680 2279 843 2347 scwmdote
865 2280 983 2346 lunwn
1004 2281 1121 2348 cotesto
1143 2281 1280 2350 odiente.

199 2444 323 2511 Aprirst,
412 2437 692 2504 Consuetudinem
722 2438 765 2503 ad
797 2438 962 2523 quandam
994 2440 1165 2525 presbyter
1198 2462 1285 2505 unus
1316 2440 1414 2507 habc-

199 2512 343 2629 {mine
366 2542 432 2619 bat,
457 2563 531 2626 (pum
553 2541 682 2606 carnale
713 2541 949 2617 commercium,
974 2541 1061 2625 quod
1091 2541 1263 2628 illegitime
1287 2565 1416 2609 exerce·

199 2644 328 2697 haddone
366 2644 433 2720 bat,
472 2643 592 2728 quibus
625 2647 756 2727 poterat
794 2642 947 2728 operibus
989 2643 1219 2709 misericordiae
1256 2647 1415 2713 redimere

199 2726 338 2829 'cuffiam
367 2745 545 2832 satagebat.
603 2744 691 2809 Nam
714 2744 800 2810 circa
830 2745 1041 2811 necessitates
1070 2767 1252 2831 pauperum
1276 2747 1415 2833 diligen-

199 2845 291 2907 vorke,
366 2853 434 2913 tem
466 2853 500 2912 et
531 2847 686 2912 devotam
718 2867 752 2910 so
784 2846 968 2913 exhibebat.
1027 2847 1102 2927 Qua
1135 2869 1194 2933 pro
1227 2849 1415 2914 conditione

366 2950 446 3017 vitae
468 2949 616 3016 mortalis
644 2949 790 3035 ingressa
812 2948 902 3013 viam
933 2948 1095 3015 universe
1118 2950 1231 3027 carrrb,
1256 2951 1416 3017 sollicitus

366 3059 438 3118 erat
459 3053 500 3117 dc
523 3074 562 3117 ea
584 3050 740 3128 sacerdos,
764 3070 808 3115 an
837 3051 874 3113 in
904 3050 1071 3136 refrigerio
1094 3056 1186 3129 esset,
1210 3073 1253 3117 an
1276 3052 1414 3138 praeuali-

364 3157 427 3221 bus
460 3155 539 3221 locis
571 3155 792 3239 deputaretur.
849 3151 1011 3237 Sperabat
1048 3153 1143 3231 onim,
1176 3154 1255 3239 quia
1285 3155 1415 3219 nullum

364 3258 488 3323 bonurn
520 3257 801 3330 irremuneratum,
835 3256 922 3339 quod
956 3256 1213 3340 bonorumque
1244 3259 1346 3342 gessit
1380 3259 1416 3323 in

365 3381 498 3445 corporo
530 3358 666 3443 praemia
699 3357 939 3441 promeruisset,
964 3379 1037 3441 qum
1064 3357 1221 3422 confessio
1244 3360 1413 3446 cordisque

365 3462 521 3530 contritio
553 3460 756 3525 infructuosa
787 3480 856 3523 esso
886 3480 954 3523 non
984 3460 1136 3524 sinerent.
1194 3459 1414 3528 Diffidebate

366 3563 539 3641 contrario,
562 3562 640 3648 quia
663 3582 702 3627 ea
732 3567 929 3647 cognoverat
951 3562 1061 3625 virum
1084 3584 1181 3646 quom
1212 3564 1414 3629 matrimonii

361 3672 418 3757 jus
441 3690 509 3734 non
523 3667 678 3753 agnoseit,
695 3670 730 3729 ot
752 3671 938 3731 contractus
954 3666 1145 3751 nuptiarum
1166 3688 1233 3731 rron
1255 3667 1413 3733 aalmittit.

368 3771 495 3839 Orabat
517 3770 620 3857 igitur
641 3768 813 3845 attentius,
830 3767 949 3845 dicens,
968 3776 984 3801 “
997 3767 1150 3845 Ostende,
1166 3768 1308 3833 Domine
1324 3772 1415 3835 mitis

366 3885 383 3911 “
405 3875 495 3941 beati
533 3873 674 3948 Thomas,
710 3871 751 3935 de
784 3869 848 3936 hac
880 3869 1024 3946 muliere,
1057 3871 1084 3934 si
1119 3878 1194 3956 post
1225 3871 1413 3957 hujusmodi

366 3986 383 4012 “
405 3976 604 4041 consortirun
627 3973 882 4039 miscricordiam
913 3978 1086 4038 consecuta
1108 3974 1159 4038 sit.
1217 3974 1296 4040 Non
1318 3976 1413 4053 obsit,

368 4087 385 4113 “
408 4100 527 4163 quaeso,
555 4077 687 4142 famulae
719 4082 787 4141 ture
819 4075 1027 4141 familiaritas
1061 4082 1174 4142 nostra
1203 4083 1238 4141 ot
1267 4078 1412 4142 sacordo-

367 4190 383 4216 “
405 4180 483 4246 talis
506 4179 752 4246 incontinentia.
812 4177 856 4242 Et
888 4182 934 4253 tu,
967 4184 1094 4263 martyr
1126 4178 1246 4243 eximie
1278 4178 1413 4258 Thema,

368 4293 385 4319 “
408 4285 434 4347 si
459 4283 546 4348 tanti
569 4304 603 4345 os
626 4282 713 4367 apud
741 4282 850 4345 Deum
874 4286 1018 4365 quamtus
1038 4303 1059 4344 a
1074 4282 1195 4365 populo
1218 4282 1413 4366 praedicaris,

366 4400 382 4421 ‘⁵
405 4385 577 4455 ostendere
609 4383 744 4467 dignrmu
779 4382 901 4445 famulo
937 4389 994 4447 tuo
1027 4383 1158 4467 signium
1191 4384 1415 4469 indulgentiae,

366 4490 433 4551 “si
469 4488 569 4573 digna
598 4485 664 4549 fuit
694 4484 792 4549 venia
822 4506 896 4569 qum
930 4486 1089 4550 sacerdoti
1127 4486 1267 4571 nupsit.’'
1329 4488 1414 4553 Crrrn

196 4605 220 4653 is
233 4608 336 4657 assmed
365 4593 478 4675 itaque
516 4587 667 4675 precibus
704 4586 893 4671 hujusmodi
933 4587 1020 4651 inter·
1057 4588 1229 4653 missarum
1269 4591 1417 4656 solennia

195 4672 292 4803 {mg
367 4700 460 4761 totus
482 4693 657 4767 insisteret,
681 4690 819 4755 indultu
845 4689 1075 4756 misericordiae
1105 4691 1236 4776 signum
1259 4715 1413 4778 superue-
