3316 6240
384 806 451 871 490
719 825 897 875 nmrcurn
920 827 944 875 s,
968 828 1105 888 raons,
1292 810 1371 895 [ma.
1389 824 1435 874 m.

214 1013 298 1063 rothe
384 1018 400 1042 ‘⁴
423 1010 573 1086 secunda,
605 1011 712 1087 tertia,
737 1016 888 1077 etsexta
920 1010 1003 1077 fs'ria
1034 1012 1140 1077 tribus
1175 1011 1435 1077 hebdomadibus

215 1080 349 1196 ῗζξξξοί
383 1120 399 1144 “
423 1111 598 1179 indicant.''
666 1112 739 1180 Hoc
776 1114 888 1178 dicens
927 1113 1098 1198 disparuit.
1162 1112 1223 1177 Ille
1268 1113 1434 1177 somnium

214 1211 329 1267 chureh„
381 1214 515 1278 credens
537 1213 657 1279 visioni
681 1236 746 1279 non
770 1217 890 1300 paruit.
937 1216 1104 1301 Apparuit
1128 1215 1230 1300 igitur
1245 1216 1275 1279 ci
1299 1220 1436 1279 sanctus

381 1316 531 1392 secunde,
554 1316 725 1401 increpans
757 1318 845 1400 quod
869 1317 1064 1382 mandatum
1087 1314 1218 1381 effectui
1251 1338 1318 1380 non
1340 1338 1434 1381 man-

380 1418 526 1502 cipasset.
574 1418 686 1483 Tertio
708 1424 821 1483 autem
844 1424 1003 1503 tanquam
1035 1439 1227 1483 succensens
1249 1418 1306 1493 ait,
1330 1425 1347 1451 “
1363 1418 1431 1484 Fac

381 1528 398 1552 “
421 1519 509 1604 quod
546 1520 608 1585 tibi
646 1519 831 1603 injunctum
871 1525 922 1583 est
956 1519 1008 1584 vel
1046 1519 1107 1584 hac
1145 1519 1223 1584 vice.
1274 1519 1362 1583 Nam
1401 1521 1428 1584 si

381 1630 396 1653 “
419 1621 609 1706 neglexeris,
644 1622 774 1686 noveris
807 1642 866 1707 pre
900 1627 988 1686 certo
1020 1621 1098 1705 quia
1132 1643 1190 1706 pro
1223 1620 1427 1705 negligentia

381 1728 397 1756 “
420 1744 553 1807 poenam
577 1723 696 1789 dabis.''
742 1723 852 1808 Igitur
874 1744 912 1789 eo
935 1723 1129 1787 mandatum
1161 1727 1369 1806 exsequente,
1392 1728 1429 1786 et

375 1825 604 1909 jejunantibus
636 1825 800 1901 fratribus,
825 1846 862 1890 eo
886 1824 938 1888 die
962 1847 1027 1910 quo
1051 1846 1109 1888 rex
1133 1822 1263 1888 redibat
1293 1823 1336 1888 ab
1358 1844 1431 1888 ora-

380 1927 477 2003 tione,
493 1927 621 2012 placato
644 1932 795 2012 martyre,
817 1927 924 1992 rabies
947 1926 1083 2002 hostilis,
1101 1926 1195 2010 quasi
1219 1925 1342 1989 coelesti
1360 1947 1431 1989 eas·

377 2029 483 2116 tigata
506 2029 647 2135 verbere,
670 2051 691 2093 a
712 2028 834 2093 finibus
856 2028 1047 2114 Anglieanis
1070 2027 1200 2113 repulsa
1224 2032 1280 2093 est.

568 2281 647 2365 (95.)
673 2279 719 2344 De
743 2280 896 2366 nequiens
919 2278 1006 2362 arpis
1029 2280 1226 2356 Scottorum.

209 2442 332 2520 william,
422 2435 487 2502 Sed
522 2442 556 2502 et
589 2437 701 2502 eodem
740 2438 793 2501 die
827 2458 886 2501 rex
925 2435 1113 2501 Scottorum
1147 2434 1340 2511 Willelmus,
1376 2434 1430 2499 cni

209 2510 326 2636 ζῗζξεῗξ,
377 2544 534 2623 tanquam
572 2538 688 2622 majori
726 2537 954 2601 innitebantur
992 2537 1050 2620 qui
1088 2557 1229 2621 regnum
1273 2535 1432 2600 invadere

207 2642 320 2718 areum
376 2640 587 2716 conabantur,
611 2639 728 2703 incidit
759 2639 793 2701 in
820 2660 937 2703 manus
960 2658 1072 2702 eorum
1095 2658 1177 2722 quos
1201 2637 1429 2722 impugnabat.

209 2706 339 2848 ppap
375 2740 630 2805 luniensem
653 2762 687 2805 a
707 2761 728 2805 a
745 2740 975 2825 jurisdictione
999 2739 1133 2802 sumna
1153 2745 1186 2803 a
1209 2738 1320 2823 magni
1344 2739 1430 2823 regn

209 2802 221 2861 (
244 2805 311 2863 ψ
331 2800 352 2859 ·)
376 2841 520 2918 Hernici,
539 2842 655 2925 jurans
670 2842 757 2927 quod
780 2842 816 2905 in
839 2847 1033 2926 perpetuum
1057 2841 1189 2906 nomine
1205 2840 1276 2923 ejus
1298 2861 1348 2904 res
1367 2840 1430 2905 soli

375 2963 442 3009 non
465 2944 661 3029 possideret3
683 2945 739 3008 sed
761 2945 791 3009 ei
814 2944 850 3007 in
866 2944 1066 3010 eontrarium
1084 2964 1216 3009 versum
1236 2947 1293 3006 est.
1340 2941 1429 3006 Nam

209 3052 363 3121 (Prumoe.)
376 3067 450 3111 eum
481 3052 624 3113 castrum
659 3046 746 3129 quod
782 3046 920 3131 Angliee
943 3044 1094 3109 Prudeho
1129 3049 1341 3129 nuncupatur
1372 3044 1428 3107 ob-

375 3149 503 3225 sideret,
536 3149 727 3214 nuntiatum
762 3152 813 3212 est
846 3148 876 3211 ei
911 3147 951 3212 de
990 3146 1243 3232 superventione
1282 3144 1428 3208 militmn

208 3252 335 3318 (reiron.)
375 3249 705 3335 comprovincialium.
763 3248 862 3314 Unde
889 3249 1024 3313 dimissa
1050 3247 1219 3313 obsidione
1249 3245 1331 3311 villa
1354 3246 1427 3311 Fel-

374 3358 454 3418 tona
475 3374 510 3415 sc
532 3352 656 3436 recepit
682 3352 926 3436 repatriaturus.
974 3349 1056 3414 Inde
1079 3349 1268 3434 quindecim
1300 3348 1429 3413 circiter

375 3453 622 3517 Galoeoensium
645 3438 791 3516 millibus
822 3451 866 3514 ad
899 3451 1115 3536 praedandum
1151 3450 1316 3535 regionem
1339 3471 1361 3513 a
1394 3471 1429 3513 se
1463 3534 1467 3541 ,

374 3555 524 3631 dimissis,
548 3575 644 3618 nrane
669 3560 775 3620 metra
801 3575 937 3618 movens
960 3554 1047 3618 sedit
1068 3559 1148 3619 ante
1180 3559 1323 3619 cestrum
1346 3553 1428 3617 Aln-

374 3658 434 3731 vic,
458 3656 552 3742 quasi
575 3662 708 3721 centum
739 3655 901 3720 militibus
936 3678 1046 3721 secum
1082 3656 1229 3732 retentis,
1253 3657 1429 3720 observans

373 3781 415 3823 nc
437 3764 645 3844 erumpentes
660 3757 816 3844 oppidani
838 3759 1008 3842 praedones
1031 3758 1266 3842 praedarentur.
1314 3758 1428 3823 Sontes

374 3883 503 3947 quoquc
534 3861 578 3926 ad
609 3861 753 3945 praedam
787 3860 922 3936 dimisit,
947 3860 1004 3944 qui
1039 3859 1120 3924 duee
1148 3860 1328 3926 Drmccano
1362 3860 1427 3923 dis-

373 3968 540 4029 currentes
577 3962 756 4026 maximam
794 3962 939 4045 praedam
980 3966 1166 4046 coegerunt,
1210 3967 1245 4026 et
1282 3962 1317 4025 in
1354 3961 1428 4027 vice

374 4065 624 4139 Worchcwerze,
649 4085 714 4148 quo
736 4063 801 4127 viri
824 4069 859 4127 et
880 4062 1033 4127 mulieres
1056 4063 1117 4126 sub
1140 4084 1197 4148 spe
1229 4064 1317 4147 pacis
1351 4083 1427 4128 eon-

373 4170 546 4243 fluxerant,
581 4165 674 4251 quasi
710 4169 843 4229 centum
881 4164 1124 4249 quinquaginta
1165 4165 1425 4241 trucidaverunt,

372 4271 579 4356 presbyteres
606 4273 641 4332 et
670 4266 821 4331 mulieres
855 4265 959 4331 altaro
994 4272 1143 4331 tenentes
1177 4266 1325 4330 vestibus
1357 4268 1426 4330 suis

372 4372 632 4448 denudaverunt,
671 4368 864 4435 crucifixum
903 4368 1010 4453 ipsum
1055 4369 1162 4454 capite
1197 4375 1232 4433 et
1270 4369 1425 4433 membris

371 4475 606 4539 diminuerunt.
658 4471 723 4536 Sed
752 4470 928 4535 subsecuta
958 4474 1008 4534 est
1039 4493 1057 4535 e
1087 4470 1228 4556 vestigio
1266 4471 1423 4547 vindicta,

372 4577 524 4662 quamvis
546 4575 629 4641 citra
644 4573 864 4659 quantitatem
881 4572 1000 4638 delicti.
1047 4572 1135 4637 Nam
1152 4573 1293 4638 latenter
1313 4573 1425 4640 hostes

372 4676 655 4762 superveniebant,
688 4674 854 4759 paucitate
891 4674 942 4737 sui
981 4674 1045 4739 iter
1079 4695 1174 4737 suum
1213 4674 1422 4740 occultantes,
