3316 6240
391 780 434 841 52
769 794 851 841 vrm
873 794 897 842 s
921 796 1057 857 rutrum

390 989 408 1015 “
430 982 576 1065 citroque
598 980 877 1057 contendentibus,
904 987 939 1047 et
961 981 1094 1046 tandem
1119 982 1248 1047 cunctis
1269 980 1313 1047 ab
1335 980 1440 1048 oculis

390 1091 407 1117 “
429 1083 510 1146 meis
540 1081 754 1159 elabentibus,
781 1082 869 1147 solus
903 1084 938 1147 in
970 1084 1162 1148 consistorio
1189 1082 1325 1149 relictus
1355 1104 1438 1147 sum.

390 1192 406 1217 “
430 1183 475 1247 Et
496 1206 567 1251 ecee
589 1183 747 1249 satellites
770 1184 849 1269 regii
874 1192 1015 1269 quatuor
1031 1184 1192 1249 inuentes
1214 1184 1251 1249 in
1272 1205 1325 1249 me
1347 1206 1438 1251 coro-

389 1293 406 1318 “
428 1306 504 1349 nam
536 1286 654 1371 capitis
686 1286 749 1350 mci
784 1285 902 1371 glaliis
933 1286 1002 1349 suis
1033 1285 1191 1351 abrasere.
1250 1284 1341 1365 Quid
1371 1286 1437 1349 nisi

389 1394 406 1420 “
429 1386 526 1451 linem
550 1387 696 1452 laborum
728 1408 871 1452 meorum
903 1388 987 1451 visio
1009 1387 1205 1471 portendit?
1251 1386 1326 1453 Scio
1348 1388 1438 1451 enim

398 1488 516 1571 ‘quod
539 1494 613 1573 post
635 1488 726 1552 exilii
750 1488 928 1572 dispendia,
952 1492 1027 1572 post
1050 1486 1249 1571 multiplices
1274 1486 1437 1572 querimo-

389 1597 406 1623 “
428 1590 556 1653 niannn
595 1590 813 1675 depositiones
858 1596 891 1654 et
929 1590 1223 1655 controversiarum
1266 1588 1437 1667 motiones,

389 1699 407 1725 “
429 1690 551 1755 eximet
582 1692 630 1756 ira
651 1691 769 1757 fiscalis
790 1691 935 1777 gladium
959 1712 1064 1767 suum,
1091 1696 1126 1755 ct
1154 1688 1394 1757 vindicationes
1415 1710 1438 1755 a

390 1800 406 1827 “
429 1814 462 1857 sc
485 1814 559 1859 cum
582 1794 688 1879 capite
711 1793 910 1859 vindicantis
932 1792 1145 1877 amputabit.'’

405 2044 484 2127 (43.)
509 2044 725 2111 Ahal‘icnutio
747 2046 833 2131 repis
854 2052 883 2110 et
904 2044 1120 2131 irreperctoris
1140 2044 1358 2111 cananeae
1377 2044 1421 2111 ob

802 2145 1018 2213 Aleae-uadem.l
1201 2144 1216 2162 “

219 2296 290 2361 Κῑηε
320 2364 326 2377 ,
432 2295 540 2379 Igitur
567 2296 704 2362 Senonis
727 2297 966 2382 archiepiscopo
998 2296 1228 2361 Cantuaricnsi
1262 2296 1325 2360 sub
1355 2316 1434 2380 apo-

218 2362 357 2481 ssssfflo
386 2397 500 2464 stolica
523 2400 721 2483 protectione
745 2400 913 2475 residente,
930 2420 986 2463 rex
1004 2396 1184 2483 Anglorum
1208 2396 1435 2483 indignissime

220 2492 319 2547 f⁰¹⁸⁸¹¹⁰
386 2498 492 2563 ferens
515 2501 593 2583 qnia
614 2502 682 2564 suis
706 2502 740 2563 in
763 2502 978 2585 petitionibus
1001 2500 1070 2584 ipse
1093 2498 1304 2584 repelleretur
1326 2521 1347 2563 a
1368 2520 1434 2583 quo

217 2564 466 2678 ffiiiffffi'suus
488 2608 714 2687 protegeretur
735 2602 949 2677 adversarius,
973 2602 1239 2687 presbyterorum
1267 2602 1354 2666 bona
1376 2623 1436 2686 per

386 2702 551 2768 dioeccsim
576 2702 844 2767 (lantuariensem
861 2702 1088 2767 decedentium
1107 2707 1142 2766 et
1164 2706 1319 2767 vacantes
1334 2700 1432 2767 eccle·

382 2804 448 2869 sias
470 2803 651 2890 occupavit,
681 2825 740 2889 pro
770 2803 943 2869 voluntate
973 2824 1127 2888 personas
1160 2802 1318 2879 instituit,
1341 2807 1432 2868 etse

381 2907 425 2972 ab
447 2906 635 2971 Alexandro
658 2926 752 2990 papa,
776 2927 873 2989 quem
895 2905 965 2989 jam
995 2903 1167 2979 Dominus,
1191 2902 1349 2969 Romanae
1371 2902 1431 2967 mi·

382 3014 488 3074 sortus
511 3008 661 3083 ecclesias,
685 3008 721 3071 in
743 3006 853 3071 sedem
876 3028 969 3071 suam
992 3010 1168 3082 revocarat,
1191 3004 1400 3070 abalienavit.

418 3277 498 3361 (44.)
524 3276 692 3358 Qamoodo
714 3298 771 3341 rea
793 3298 831 3341 ea
853 3275 930 3342 odio
952 3273 1204 3362 crclnproesrde's
1225 3272 1396 3341 adrianae-t

801 3376 1006 3443 commiserit.

214 3545 343 3597 necanda
428 3526 526 3592 Unde
560 3526 702 3593 dolerem
735 3548 830 3589 suum
863 3526 897 3589 in
929 3526 994 3590 fide
1028 3526 1265 3602 vindicaturus,
1299 3524 1431 3591 clericos

213 3611 328 3727 ffl'sgrgf
383 3629 464 3694 duos
496 3629 587 3693 misit
608 3628 651 3693 ad
681 3628 909 3713 imperatorem
933 3627 1189 3691 Alemarmorum
1214 3625 1430 3703 Fredericurn,

214 3744 355 3795 andnim·
382 3730 440 3815 qui
463 3735 573 3796 coacto
596 3728 732 3795 concilio
754 3728 794 3793 de
810 3749 889 3813 pace
912 3728 1069 3792 Romane.
1092 3727 1235 3793 ecclesia>
1257 3729 1430 3805 tractabat,

213 3808 336 3927 ffifflm
381 3834 548 3908 mandans,
587 3831 675 3915 quod
709 3831 736 3893 si
770 3850 889 3894 nomen
921 3836 956 3894 et
992 3829 1214 3895 obedientiam
1247 3828 1429 3895 Alexandri

212 3941 357 3993 torheem-
381 3953 474 4016 papae
497 3933 671 4015 abjuraret,
694 3930 886 4015 participem
917 3952 951 3993 sc
982 3929 1166 3994 schismatis
1196 3928 1332 3995 haberet
1354 3950 1429 3996 cum

211 4021 308 4135 {fixit
381 4032 540 4117 episcopis
567 4036 600 4095 et
630 4030 881 4116 archiepiscopis
911 4030 986 4094 suis.
1042 4030 1103 4095 Ille
1135 4051 1210 4096 cum
1244 4029 1430 4097 schismatis

210 4148 356 4217 wambmg
380 4133 524 4198 fautores
546 4130 690 4207 haberet,
714 4130 755 4194 dc
786 4128 920 4196 consilio
952 4130 1156 4196 Coloniensis
1185 4132 1428 4219 archicpiscopi,

210 4216 367 4349 wlffi-
380 4236 437 4321 qui
468 4234 650 4300 Octaviano
681 4232 828 4297 extincto
859 4254 1072 4298 successorem
1100 4234 1171 4319 jam
1204 4234 1428 4313 suscitaverat,

380 4410 546 4419 ...—-—--
558 4408 1423 4418 ----—--——-.—-—-—-—-.——-—--——

410 4511 496 4561 ¹This
508 4511 621 4574 chapter,
631 4510 753 4573 although
771 4510 876 4559 marked
927 4508 983 4559 The
1006 4509 1125 4573 heading,
1147 4508 1359 4570 “abalienans”
1382 4512 1428 4561 &a

375 4589 403 4640 in
421 4592 477 4643 MS.
490 4590 605 4640 Winton.
620 4590 655 4653 hy
666 4604 699 4637 an
716 4587 876 4637 illuminatul
926 4588 973 4635 has¹
986 4588 1212 4638 beenhanslcrred
1229 4586 1294 4637 from
1305 4588 1349 4639 the
1366 4596 1428 4639 next

376 4666 457 4717 initial
485 4668 568 4727 letter,
591 4667 637 4715 has
666 4664 773 4714 11011111.ἱ
796 4666 875 4715 there.
927 4667 1037 4731 chapter.
