3316 6240
402 790 466 854 434
735 801 913 850 ursanum
936 802 961 849 s.
985 800 1122 859 raons,
1311 782 1390 865 [ns.
1406 794 1453 843 vr.

672 1041 750 1126 (21.)
777 1038 997 1124 Oorrdrmolio
1018 1036 1190 1103 orirer-ali.

235 1172 379 1290 donfirma-
448 1208 465 1232 “
480 1197 732 1263 Venerabilibus
755 1203 790 1261 et
805 1197 980 1263 carissimis
996 1196 1072 1259 filiis
1088 1196 1209 1259 nostris
1224 1195 1388 1279 prioribus
1410 1194 1453 1257 ad

234 1278 382 1410 affl&
404 1309 420 1334 “
444 1321 525 1384 quos
549 1305 725 1384 praesentes
748 1299 868 1362 litterae
890 1297 1110 1382 pervenerint,
1126 1296 1228 1360 frater
1251 1295 1452 1381 Radulphus,

235 1410 325 1475 hythe
371 1379 378 1399 '
404 1401 580 1464 “humilis
613 1399 838 1464 Cluniaeensis
865 1399 973 1474 abbas,
997 1398 1145 1474 salutem,
1169 1397 1318 1485 gratiam,
1342 1402 1377 1460 et
1398 1395 1452 1459 be-

234 1474 352 1607 {md
405 1503 671 1566 “sedictionem

449 1613 464 1638 ‘¹
481 1604 631 1669 Dilectus
654 1604 742 1666 filius
765 1609 876 1667 noster
898 1601 1026 1678 Daniel,
1044 1601 1256 1686 praesentium
1280 1600 1372 1675 lator,
1395 1600 1452 1684 qui

404 1705 635 1790 “aliquandiu
680 1707 715 1769 iu
754 1704 910 1789 obsequio
949 1710 1062 1768 nostro
1108 1710 1239 1767 strenue
1279 1703 1454 1767 desudavit

403 1807 610 1892 “scriptoris
653 1806 765 1882 officio,
805 1806 978 1891 repentina
1016 1805 1268 1889 superveniente
1311 1805 1453 1889 eorpmis

404 1917 420 1943 “
444 1909 601 1983 molestia
625 1907 830 1973 hebdomada
863 1907 1006 1974 secunda
1039 1912 1116 1971 anto
1139 1912 1289 1971 sanetum
1321 1906 1451 1981 Pascha,

404 2020 421 2046 “
444 2011 600 2095 synantia
622 2011 745 2075 seilicet
767 2015 802 2074 et
824 2009 969 2074 febribus
1003 2010 1115 2085 acutis,
1143 2010 1291 2094 graviter
1313 2015 1452 2072 vexatus

405 2121 421 2146 ‘¹
444 2118 501 2177 est.
560 2113 710 2196 Cumque
728 2112 799 2195 jam
834 2111 869 2173 iu
904 2110 1060 2174 extremis
1093 2116 1212 2195 ageret,
1246 2111 1350 2194 deque
1382 2110 1453 2194 ejus

405 2215 516 2278 “-vita
554 2214 688 2277 omnino
726 2213 953 2297 desperaretur
986 2232 1007 2275 a
1040 2212 1183 2287 medicis,
1217 2213 1381 2276 convertit
1417 2236 1452 2277 se

405 2327 420 2350 ‘⁴
443 2316 585 2381 contrito
608 2315 701 2379 corde
733 2315 775 2379 ad
805 2314 1030 2379 beatissimum
1054 2319 1153 2397 atque
1183 2314 1451 2398 gloriosissimum

405 2427 420 2451 “
444 2417 579 2481 Domini
603 2421 781 2501 martyrem
798 2416 1004 2498 amicumque
1026 2414 1165 2498 justitiae
1184 2415 1350 2492 Thomam,
1368 2417 1452 2499 ejus-

403 2528 420 2552 “
444 2542 506 2603 que
541 2517 719 2602 implorans
749 2517 912 2581 auxilium
944 2536 1038 2601 prece
1071 2537 1136 2600 qua
1165 2522 1295 2601 poterat
1329 2518 1452 2583 invale-

403 2620 569 2684 “tudinis
604 2641 672 2682 sum
707 2618 823 2682 salutis
861 2617 1042 2682 remedium
1082 2618 1299 2702 comparabat.
1363 2620 1451 2699 Quid

404 2730 419 2754 “
442 2720 579 2785 multat
622 2741 719 2804 quem
754 2719 816 2782 sub
848 2718 1015 2783 celeritate
1050 2719 1310 2784 subtrahendum
1345 2723 1452 2786 erede-

406 2830 423 2856 “
447 2822 569 2897 bamus
608 2820 719 2884 subito
756 2820 1015 2904 suffragantibus
1053 2819 1115 2882 sibi
1154 2821 1280 2884 meritis
1319 2824 1451 2906 pretiosi
1551 2881 1555 2891 .

406 2934 422 2958 “
445 2924 538 2988 testis
562 2921 687 2987 Christi
719 2921 860 2997 Thomu,
885 2921 1062 2986 convaluit.
1123 2922 1209 2987 Vota
1240 2924 1343 3008 igitur
1373 2925 1452 2989 libe-

405 3036 421 3060 “
445 3025 543 3091 ratori
578 3047 637 3088 suo
669 3024 845 3108 laudesque
882 3025 947 3088 oris
978 3024 1205 3089 immolaturus
1237 3026 1273 3088 in
1298 3027 1451 3111 Angliam

405 3136 420 3162 ‘¹
445 3128 577 3193 lieentia
599 3131 712 3190 nostra
735 3147 867 3211 peregre
891 3126 1113 3210 proficiscitur.
1162 3126 1303 3191 Valete.''

487 3380 567 3463 (22.)
591 3378 639 3443 De
662 3377 863 3443 camberria
884 3378 1014 3444 calente
1038 3379 1172 3446 beatam
1196 3380 1361 3447 Placeas-m..

235 3555 349 3618 Appen.
448 3535 489 3597 In
513 3535 625 3599 Monte
649 3535 808 3612 Dominae,
833 3536 975 3599 seeundo
999 3537 1153 3602 milliario
1175 3560 1197 3602 a
1218 3537 1352 3602 civitate
1377 3559 1451 3622 quse

234 3620 535 3737 ζῗιῗηῗέβῆζηοπιίηο
566 3636 656 3703 Clari
689 3636 813 3700 Montis
843 3637 1038 3722 appellatur,
1063 3640 1228 3704 coenobita
1251 3640 1383 3723 quidam
1411 3641 1451 3704 de.

234 3739 489 3805 ahennitathsa
511 3740 574 3803 Dei
606 3740 869 3804 anachoreticam
893 3741 998 3805 vitam
1032 3741 1181 3806 ducebat.
1239 3742 1302 3807 oui
1335 3743 1451 3808 beatus

234 3819 390 3943 ‘ssfffufffflll
402 3841 544 3905 Thomas
566 3838 743 3904 visibiliter
762 3841 926 3925 apparuit,
943 3842 1062 3917 dicens
1087 3851 1103 3876 “
1120 3843 1232 3928 Surge,
1257 3844 1451 3928 Stephane,’'

235 3951 380 4001 nearchi·
404 3943 479 4025 (hoe
501 3942 589 4005 enim
620 3941 647 4004 ei
673 3963 793 4004 nomen
816 3940 946 4025 fuerat),
979 3941 1127 4006 “inchoa
1156 3949 1327 4007 nocturnae
1350 3945 1450 4007 servi-

233 4024 311 4067 ¹¹¹⁰¹¹²'
402 4052 419 4077 “
443 4044 525 4107 tutis
541 4042 702 4120 officium;
724 4064 784 4126 ego
800 4043 974 4106 auditurus
997 4043 1165 4108 interero.’'
1212 4045 1285 4110 Hoe
1306 4046 1336 4109 ei
1352 4046 1402 4109 bis
1418 4053 1452 4110 et

401 4145 500 4209 tertio
523 4148 699 4227 repetente,
723 4143 922 4209 anachoreta
951 4146 1104 4221 surrexit,
1129 4146 1242 4210 debita
1263 4146 1449 4211 celebravit.

402 4246 495 4310 lnter
518 4244 748 4309 celebrandum
780 4266 848 4329 pue
871 4245 973 4310 oeulis
1000 4246 1127 4331 jugiter
1156 4247 1275 4311 habuit
1301 4249 1450 4314 umbram

401 4347 493 4430 quasi
519 4345 618 4408 nnius
639 4344 790 4420 hominis,
813 4346 962 4430 radiique
985 4346 1126 4412 lucernae
1149 4354 1343 4434 praesentem
1367 4373 1451 4415 mar-

402 4452 509 4531 tyrem
533 4446 743 4509 testabantur
764 4445 885 4510 adesse.
933 4447 1076 4533 Expleta
1098 4450 1216 4534 synaxi
1242 4450 1415 4516 dimittens
1431 4474 1452 4516 a

401 4570 435 4611 se
467 4548 600 4611 fratrenr
633 4547 690 4630 qui
713 4547 863 4611 versibus
897 4549 1033 4613 alternis
1065 4551 1278 4635 suppleverat
1310 4553 1450 4637 hymno·

401 4649 498 4724 diam,
522 4647 583 4711 sibi
608 4647 815 4732 peculiariter
846 4656 996 4715 oraturus
1028 4652 1166 4736 projecit
1192 4674 1233 4717 se.
1293 4654 1337 4718 Et
1371 4677 1444 4720 ecce
