3316 6240
297 798 305 813 ·
378 770 444 836 316
713 785 892 837 urascum
914 788 941 840 s.
961 788 1100 850 rnorrn,
1288 775 1367 860 [ura.
1383 790 1430 845 ιν.

378 996 505 1043 oeream
533 977 711 1064 imaginem
738 978 955 1065 promitteret,
978 980 1135 1045 continuo
1167 980 1197 1045 oi
1220 979 1337 1046 sudore
1371 1002 1429 1067 per

378 1100 475 1165 poros
497 1086 688 1165 erumpente
710 1080 747 1145 in
776 1080 950 1147 clamorem
973 1082 1132 1168 prorupit,
1155 1082 1212 1167 qui
1235 1102 1303 1147 non
1333 1083 1429 1147 modo

379 1180 467 1246 infra
488 1181 623 1246 domum
646 1182 704 1247 sed
726 1187 762 1247 et
787 1188 884 1248 extra
915 1183 1097 1269 positorum
1128 1189 1239 1270 posset
1260 1183 1303 1249 ad
1333 1204 1429 1249 aures

271 1306 274 1311 ·
378 1303 555 1369 pervenire.

396 1519 453 1606 (5.)
478 1520 526 1587 De
543 1520 669 1607 juverto
691 1521 863 1588 etormet
885 1520 1020 1609 plutaelo
1045 1529 1232 1589 metato
1257 1522 1300 1589 io
1324 1523 1426 1588 inuri.

117 1768 120 1773 ‚
210 1668 339 1790 affl
423 1675 588 1743 Mirantur
610 1677 766 1764 oppidani
789 1677 975 1744 Dovrenses
999 1678 1087 1764 quod
1108 1678 1181 1744 fieri
1202 1678 1313 1764 potuit
1339 1678 1428 1764 quod
1562 1724 1568 1733 -

211 1801 340 1856 sauvezea
378 1780 467 1866 apud
489 1802 523 1846 se
538 1780 662 1847 fautum
685 1787 743 1847 est
789 1779 875 1848 Cum
890 1781 979 1847 enim
1001 1781 1143 1847 navibus
1158 1781 1316 1868 expositis
1338 1802 1427 1847 mare

210 1866 356 1991 mutip-
377 1886 512 1967 propter
548 1882 765 1968 irruptionem
803 1881 950 1948 hostium
987 1882 1246 1970 alienigenarum
1284 1882 1427 1949 eustodi-

378 1987 460 2060 rent,
495 1987 568 2049 orta
601 1989 652 2049 est
684 1988 863 2069 tempestae
896 1989 1015 2069 quarto
1049 2005 1152 2050 nonas
1186 1984 1270 2049 Julii
1302 1990 1428 2070 quanta

377 2084 493 2149 multis
514 2089 602 2150 retro
617 2085 821 2171 temporibus
843 2086 969 2151 aestivis
991 2086 1064 2152 visa
1080 2106 1147 2151 non
1170 2091 1228 2151 est
1275 2086 1320 2150 Et
1341 2107 1427 2152 sece-

378 2185 534 2252 dentibus
571 2187 768 2272 quibusdam
799 2210 842 2254 ex
873 2189 985 2254 nautis
1016 2188 1060 2253 ad
1098 2188 1254 2254 tutiorem
1285 2194 1426 2275 portum,

378 2287 488 2354 noluit
505 2287 641 2375 juvenis
657 2288 837 2355 Gaufridus
852 2295 1028 2376 cognatum
1044 2295 1079 2356 et
1100 2296 1293 2356 consuetum
1309 2290 1427 2356 navale

377 2388 570 2475 relinquere,
592 2390 650 2455 sed
672 2390 780 2455 minos
810 2390 905 2476 ponti
927 2390 1116 2477 rabiemque
1147 2396 1321 2456 ventorum
1344 2414 1426 2477 prae-

377 2496 470 2557 stans
492 2490 629 2581 ¹animi¹
660 2492 853 2558 sustinebat
900 2490 986 2559 Cum
1020 2493 1132 2578 itaque
1166 2492 1428 2559 circumferretur

376 2592 413 2657 iu
435 2591 564 2679 scapha,
587 2592 723 2658 tuitioni
746 2592 842 2658 navis
864 2614 933 2658 suae
956 2592 1138 2670 intendens,
1155 2592 1285 2679 longius
1306 2616 1427 2660 anave

376 2693 487 2759 ventis
509 2693 759 2781 indignantibus
774 2716 849 2760 oum
872 2694 945 2781 ipsa
966 2694 1087 2780 scapha
1108 2695 1216 2781 ruptis
1232 2697 1427 2763 rudentibus

377 2795 514 2862 auruleus
535 2802 594 2863 est
640 2796 741 2863 Vides
764 2797 867 2883 igitur
889 2796 1055 2862 hominem
1079 2796 1221 2862 ludibrio
1252 2804 1425 2864 ventorum

377 2898 573 2987 expositum.
622 2898 711 2964 Nam
733 2899 814 2963 dum
837 2898 955 2983 cuique
977 2898 1109 2964 illorum
1131 2899 1260 2985 rapitur
1285 2900 1321 2964 in
1343 2922 1425 2987 prae-

374 3001 461 3080 dam,
483 3000 592 3069 Coro²
613 2999 760 3067 moventi
782 3005 891 3078 aestus,

204 3146 338 3210 Ima·
465 3154 483 3182 “
505 3144 657 3213 Ooouruit
677 3143 807 3231 gelidus
829 3143 958 3222 Boreas,
981 3143 1180 3231 pelagusque
1203 3146 1352 3212 retundit

208 3216 300 3265 ⁶⁰¹4
464 3250 482 3283 “
505 3246 551 3312 ut
572 3245 711 3312 dubium
733 3245 863 3332 pendet,
886 3251 987 3311 vento
1010 3246 1063 3311 oui
1086 3247 1243 3325 oonoidat,
1266 3269 1379 3334 aequor

467 3357 485 3385 “
507 3348 574 3415 Sed
596 3346 769 3435 Scythioi³
791 3347 874 3414 vioit
895 3347 1002 3413 rabies
1024 3347 1207 3433 Aquilonis,
1230 3355 1265 3416 et
1287 3352 1392 3416 undas

465 3458 483 3486 “
505 3449 622 3528 Torsit,
645 3454 682 3516 et
702 3450 870 3515 abstrusas
892 3448 1025 3536 penitus
1048 3449 1136 3515 vada
1156 3450 1236 3517 feeit
1257 3472 1378 3517 monas.

465 3561 483 3588 “
507 3551 579 3618 Neo
601 3551 725 3639 perfert
746 3557 886 3638 pontum
909 3550 1031 3617 Boreas
1053 3552 1097 3617 ad
1119 3573 1207 3631 saxa,
1230 3575 1391 3640 suumque

466 3663 483 3691 “
505 3653 547 3719 In
569 3653 690 3721 fluetus
713 3652 791 3721 Oori
813 3653 938 3741 frangit
960 3653 1076 3720 mare.''

376 3790 504 3873 Quibus
526 3789 576 3856 ita
597 3788 860 3857 oonoertantibus
882 3787 952 3855 sola

206 3904 273 3956 lbid.
980 3910 999 3937 “
1011 3901 1175 3969 disoordia
1196 3905 1290 3990 ponti

206 3976 297 4023 ΜΗ·
419 4015 437 4041 “
460 4003 630 4072 Suoounit
652 4002 768 4081 lintri,4
790 4003 974 4090 fluctusque
997 4009 1144 4069 evertere
1166 4004 1310 4070 navom⁶

418 4116 436 4142 “
459 4106 537 4172 Non
559 4105 658 4182 valet,
674 4104 710 4169 in
733 4104 872 4171 fluetus⁶
893 4105 1019 4172 vietum
1042 4105 1131 4171 latus
1153 4107 1243 4172 unda
1264 4108 1423 4193 repellens

419 4218 436 4246 “
460 4207 569 4296 Erigit
590 4213 690 4293 atque
713 4207 804 4273 omni
826 4206 935 4295 surgit
956 4208 1038 4274 ratis
1060 4209 1164 4274 ardua
1186 4209 1312 4276 vento.'’

405 4426 748 4481 ¹owrittenorertholast
763 4426 875 4478 lottario
955 4426 1161 4487 ιιιιίεονιέᾸΛιο.

376 4509 436 4561 MS.
448 4507 572 4569 winton,
584 4521 612 4557 as
623 4503 670 4558 iia
680 4503 829 4557 correction.
952 4506 963 4538 ⁸
976 4522 1091 4571 puppem,
1104 4506 1166 4558 Luc.

404 4586 416 4619 ¹
433 4584 523 4646 curo,
535 4585 592 4636 MS.
952 4582 1090 4648 ‘stastum
1102 4584 1164 4635 Luo.

403 4664 414 4697 ³
433 4662 529 4724 Scitiri,
539 4663 597 4714 MS.
