3316 6240
385 780 450 842 288
720 792 898 843 minaeum
921 794 945 841 s.
970 794 1107 845 rnonn.
1289 776 1367 859 [mn.
1386 794 1433 841 nr.

384 1031 464 1116 (31.)
488 1030 536 1097 De
567 1031 710 1098 naalma
740 1030 931 1097 inenarrata
964 1031 1166 1098 oblationem
1198 1054 1299 1099 seram
1328 1053 1433 1117 qrurnr

678 1132 828 1219 nmotyri
853 1131 982 1199 l'lronacc
999 1132 1131 1219 fecerat.

214 1300 350 1353 Thomna
426 1298 533 1365 Testis
567 1305 617 1365 ost
648 1300 820 1387 praesentis
846 1299 997 1366 miraculi
1030 1301 1204 1385 presbyter
1234 1302 1431 1366 venerabilis

212 1368 362 1485 fflfffitgff
379 1400 470 1465 villae
508 1402 683 1467 maritimae
721 1423 796 1485 quae
834 1400 956 1466 dieitur
993 1400 1064 1466 Ria
1126 1401 1228 1466 Venit
1268 1402 1431 1487 siquidem

212 1498 337 1613 “sm
380 1504 423 1568 erl
446 1525 521 1569 eum
543 1503 662 1569 mulier
691 1504 867 1569 fornicaria
890 1503 1005 1568 volens
1028 1504 1185 1569 confiteri.
1233 1504 1299 1585 Qui
1322 1506 1371 1570 ait
1397 1528 1431 1569 se

211 1579 367 1697 ΜΨ
380 1604 614 1671 confessionem
653 1606 723 1691 ejus
755 1610 971 1691 recepturum,
1006 1606 1035 1669 si
1066 1607 1253 1691 poeniteret,
1292 1611 1327 1670 et
1361 1606 1431 1671 ille-

212 1696 262 1747 ⁸¹¹²·
380 1707 506 1792 gitirnis
537 1707 663 1792 nuptiis
690 1706 900 1771 renuntiaret
912 1730 920 1786 ;
950 1706 1097 1791 alioquin
1128 1707 1272 1772 minime.
1318 1707 1431 1771 Prohi-

213 1775 308 1841 (aye)
380 1810 480 1876 bebat
511 1813 611 1876 etiarn
643 1832 685 1875 ne
716 1812 760 1875 ad
794 1816 998 1876 sacramenta
1019 1810 1185 1876 Dominiei
1221 1812 1363 1897 corporis
1397 1818 1432 1876 ot

380 1912 550 1999 sanguinis
572 1911 717 1997 paschali
741 1911 802 1988 die,
826 1934 901 1996 quae
924 1913 1126 1987 imminebat,
1150 1913 1197 1978 sio
1219 1920 1431 1997 praesumeret

380 2013 539 2080 accedere.
601 2014 664 2079 Hla
701 2035 787 2090 vero,
828 2014 957 2079 salubre
1000 2013 1173 2078 eonsilium
1210 2020 1429 2091 contemnens,

381 2116 482 2180 etiam
505 2116 575 2181 sine
598 2115 764 2180 munditia
785 2115 995 2181 confessionis
1018 2138 1142 2182 sacram
1170 2117 1430 2181 communionem

380 2216 496 2281 furtim
520 2218 665 2303 percepit
677 2241 685 2296 ;
715 2223 785 2282 tam
808 2217 1025 2301 impudentiae
1048 2238 1147 2302 quam
1178 2217 1431 2301 impoenitentiae

380 2339 442 2383 rea.
490 2318 534 2383 Et
557 2319 636 2403 quia
654 2339 722 2382 non
745 2317 950 2403 dijudicabat
964 2339 1082 2403 eorpus
1104 2317 1247 2394 Domini,
1268 2318 1430 2403 judicium

380 2440 477 2483 suum
499 2419 714 2486 manducavit
730 2426 764 2483 et
786 2418 880 2483 bibit.
930 2420 1055 2483 Abiens
1078 2425 1190 2484 autem
1214 2426 1288 2504 post
1311 2441 1431 2504 paucos

381 2520 450 2585 dics
482 2521 639 2585 orationis
663 2520 780 2605 gratia,
804 2519 1014 2605 sepulchrum
1045 2521 1201 2605 martyris
1232 2520 1341 2585 adivit
1365 2542 1431 2585 una

380 2643 455 2686 cum
485 2621 714 2687 concubinario
739 2643 805 2698 suo,
829 2620 960 2686 obolum
991 2644 1096 2685 unum
1119 2623 1264 2686 offerens.
1310 2622 1431 2707 Regre-

380 2722 507 2787 dientes
530 2728 642 2787 autem
664 2723 789 2787 inidem
811 2724 934 2788 reversi
957 2728 1044 2799 sunt,
1069 2730 1202 2809 propter
1225 2724 1430 2788 incontinen-

379 2824 462 2889 tiam
500 2845 592 2889 auam
630 2824 892 2909 peregrinatione
925 2830 1081 2909 putantes
1113 2830 1148 2889 et
1185 2825 1332 2889 oratione
1366 2825 1430 2888 sibi

379 2925 546 2991 licentiam
569 2926 724 3011 peccandi
756 2947 967 3011 comparasse.
1016 2925 1082 2990 Sed
1114 2927 1171 3009 qui
1194 2925 1325 3011 repellit
1347 2948 1429 2991 rner-

379 3028 491 3093 cedem
521 3027 705 3113 prostibuli,
729 3026 849 3101 dicem,
874 3026 980 3091 “Non
1003 3026 1117 3091 offeres
1153 3028 1333 3091 mercedem
1357 3050 1429 3113 pro·

380 3141 397 3166 “
419 3131 534 3196 stibuli
550 3153 610 3197 nec
624 3131 769 3217 pretium
785 3130 875 3195 canis
899 3130 935 3193 in
957 3130 1091 3194 domum
1108 3130 1170 3193 Dei
1194 3131 1254 3206 tui,
1271 3132 1426 3215 quicquid

379 3241 396 3267 “
419 3232 503 3297 illud
526 3234 570 3297 sit
592 3233 680 3318 quod
710 3232 874 3308 voverint,
898 3231 977 3316 quia
1006 3232 1208 3296 abominatio
1232 3238 1282 3295 est
1304 3238 1431 3299 utrum-

382 3344 399 3367 “
420 3356 483 3418 que
508 3334 598 3419 apud
627 3334 735 3398 Deum
767 3331 890 3409 tuum,”
922 3332 1060 3418 repellit,
1084 3339 1119 3397 ct
1149 3333 1430 3418 impoenitentium

379 3434 515 3499 donaria
553 3434 611 3518 qui
650 3434 830 3499 secundum
869 3434 1026 3498 duritiam
1064 3456 1157 3499 suam
1203 3434 1431 3499 thesaurirant

378 3536 442 3599 sibi
466 3536 549 3599 irarn
572 3535 608 3598 in
638 3535 691 3599 die
714 3535 772 3599 irre
796 3542 831 3599 ot
852 3534 1063 3600 revelationis
1090 3535 1176 3620 justi
1203 3535 1323 3619 judicii
1358 3535 1429 3612 Dei,

378 3638 436 3723 qui
473 3636 590 3701 reddet
626 3636 803 3721 unicuique
840 3636 1019 3701 secundum
1065 3658 1164 3722 opera
1202 3637 1279 3721 ejus.
1342 3636 1430 3701 Nam

378 3744 508 3824 postera
530 3739 583 3803 die
604 3738 798 3803 reversionis
820 3738 864 3802 ad
885 3739 1018 3823 propria
1044 3738 1131 3803 idem
1154 3738 1319 3803 numisma
1342 3740 1431 3823 quod

378 3842 431 3905 vir
452 3864 531 3906 suus
547 3840 714 3906 obtulerat
737 3839 773 3903 in
788 3840 902 3903 limine
925 3841 1042 3904 <lomus
1057 3862 1125 3904 suar
1149 3840 1268 3904 mulier
1283 3841 1431 3917 invonit;

377 3950 412 4008 ct
449 3944 630 4028 obstupuit,
668 3941 773 4007 sciens
810 3942 898 4005 idom
934 3964 1010 4006 osse.
1058 3942 1143 4005 Eum
1182 3965 1259 4007 vero
1298 3943 1429 4007 obolum

378 4065 475 4129 quern
506 4051 540 4108 ct
562 4045 634 4129 ipsa
663 4041 837 4118 obtulerat,
862 4043 1007 4127 repperit
1030 4043 1064 4105 in
1087 4065 1184 4107 urceo
1206 4050 1283 4106 ante
1307 4042 1428 4107 lectum

377 4167 473 4208 suum
512 4167 609 4230 quem
644 4145 771 4208 incestu
803 4143 979 4227 polluebat.
1030 4144 1134 4224 Quem
1170 4144 1345 4227 diligenter
1378 4145 1427 4207 in·

377 4254 482 4322 tuens,
506 4247 541 4309 in
575 4246 736 4331 lacrymas
759 4244 868 4310 soluta
899 4252 957 4323 est,
981 4246 1085 4311 sciens
1117 4246 1272 4329 quoniam
1305 4267 1426 4309 munus

377 4350 449 4435 ejus
481 4350 551 4435 ipse
584 4349 815 4433 reprobaverat
837 4349 931 4431 cujus
963 4348 1134 4413 consilium
1159 4348 1231 4433 ipsa
1262 4354 1429 4433 contemp·
1481 4418 1484 4423 ,

377 4457 471 4517 serat.
519 4450 627 4537 Igitur
649 4450 760 4514 animo
783 4450 926 4514 contrita
948 4449 1166 4534 lacrymisque
1189 4450 1321 4535 perfusa
1335 4450 1430 4514 stetit

377 4559 454 4618 ante
492 4552 700 4625 sacerdotem,
740 4550 860 4626 dicens,
900 4550 980 4615 “Me
1018 4552 1190 4616 miseram!
1229 4552 1429 4636 contempsit

379 4655 579 4720 “Dominus
619 4675 739 4719 munus
785 4675 894 4717 mcum
932 4661 966 4717 ct
1007 4654 1123 4719 boatus
1163 4654 1312 4720 Thomas.
1374 4656 1429 4720 Me
