3316 6240
392 780 457 845 314
726 793 905 844 muscum
927 795 952 842 s.
976 792 1113 855 moun,
1302 781 1381 863 [mu.
1398 800 1444 849 ru.

393 990 411 1018 “
433 986 630 1069 potestatem
653 981 853 1049 daemonium
869 1002 967 1067 super
990 1001 1051 1047 eos.
1098 980 1149 1046 Tu
1165 986 1276 1047 autem
1292 1003 1367 1049 cum
1390 1004 1442 1052 ae-

393 1094 410 1120 “
432 1085 556 1171 ceperis
587 1106 731 1162 uxorem,
755 1086 919 1170 ingressus
951 1083 1137 1151 cubiculum
1160 1106 1219 1171 per
1241 1090 1308 1150 tres
1330 1091 1443 1153 noctes

395 1187 606 1253 “continens
629 1189 700 1253 esto
722 1187 765 1253 ab
788 1208 834 1263 ea,
858 1190 893 1251 et
924 1185 1010 1250 nihil
1031 1186 1124 1251 aliud
1150 1186 1214 1252 nisi
1238 1188 1442 1255 orationibus

396 1299 413 1326 “
434 1290 567 1356 vacabis
584 1311 659 1355 eum
683 1309 728 1355 ea
774 1289 952 1355 Transaeta
974 1288 1074 1354 tertia
1095 1294 1198 1367 nocte,
1214 1291 1353 1376 accipies
1375 1293 1443 1356 vir-

397 1401 414 1428 “
434 1393 545 1481 ginem
579 1414 655 1458 cum
688 1393 805 1458 timore
839 1392 982 1470 Domini,
1016 1413 1126 1458 amore
1159 1393 1264 1480 magis
1298 1393 1441 1459 filiorum

396 1503 414 1529 “
435 1516 534 1580 quam
564 1493 712 1559 libidinis
742 1494 869 1571 ductus,
893 1499 933 1558 ut
962 1494 999 1557 in
1030 1494 1154 1559 semine
1177 1493 1320 1560 Abrahae
1343 1496 1441 1562 bene·

396 1595 612 1662 “dictionem
646 1597 681 1660 in
712 1596 789 1661 filiis
820 1595 1052 1681 consequaris.”
1110 1596 1185 1661 Tibi
1215 1602 1327 1662 autem
1360 1598 1440 1676 dico,

392 1697 518 1775 mulier,
541 1718 615 1782 quae
637 1697 784 1763 nondum
806 1698 956 1784 nupsisti,
980 1697 1035 1762 vel
1057 1697 1204 1763 univiro
1227 1720 1322 1764 serva
1344 1700 1440 1765 casti-

392 1806 504 1880 tatem,
527 1801 582 1867 vel
615 1823 700 1867 vove
730 1801 874 1868 Domino
904 1801 1151 1878 continentiam,
1182 1808 1217 1866 et
1247 1802 1441 1869 incubomm

391 1903 561 1972 lasciviam
583 1903 774 1984 declinasti3
796 1904 825 1968 si
847 1904 1060 1982 tentaverint,
1083 1924 1150 1970 non
1173 1904 1409 1989 praevalebunt.

394 2156 451 2242 (2.)
475 2156 524 2223 De
554 2177 657 2223 uxore
687 2154 867 2241 cujusdam
896 2154 1175 2222 arcessamus
1197 2154 1364 2223 decaron-io
1393 2158 1441 2224 ed

621 2257 779 2325 terrebam
801 2257 887 2329 boeti
912 2257 1043 2324 rhoea
1065 2257 1215 2324 liberato.

434 2414 534 2502 Apud
557 2420 699 2482 castrum
725 2414 816 2501 Capi,
840 2414 1005 2480 territorio
1029 2415 1248 2491 Atrebatensi,
1277 2436 1362 2482 uxor
1384 2436 1439 2481 cu-

385 2516 519 2602 jusdam
546 2539 566 2583 a
590 2517 752 2584 daemonio
781 2516 973 2582 vexabatur.
1021 2516 1139 2582 Modus
1166 2518 1311 2582 vexandi
1343 2519 1439 2583 miso-

315 2621 329 2713 ’μ
389 2619 503 2685 rabilis
525 2624 559 2684 et
581 2620 765 2696 continuus,
795 2641 854 2705 per
891 2624 1033 2705 quatuor
1073 2640 1235 2684 annorum
1277 2621 1439 2686 curricula

312 2723 343 2802 'e’-
389 2726 590 2807 prorogatus.
647 2719 795 2807 Singulis
818 2720 906 2785 enim
936 2720 1089 2786 noctibus
1119 2720 1242 2807 pluries
1264 2722 1440 2788 accedebat

341 2854 347 2869 ·
387 2822 519 2889 adulter
545 2822 692 2901 incubus,
715 2843 905 2908 manusque,
929 2823 1035 2909 pedes,
1060 2829 1095 2889 et
1120 2822 1179 2888 ilia
1212 2825 1438 2911 constringens

387 2928 493 2991 tetam
516 2925 686 2990 mulierem
702 2924 868 3010 captivam
891 2924 1086 3010 possidebat,
1109 2925 1191 2991 adeo
1214 2931 1255 2990 ut
1276 2934 1438 3011 praesente

387 3028 515 3107 marito,
539 3028 789 3113 domesticisque
820 3025 1091 3111 colloquentibus,
1120 3027 1283 3094 familiare
1313 3028 1437 3095 subsel-

386 3133 469 3198 lium
491 3131 655 3196 insideret.
703 3130 774 3195 Nee
795 3151 830 3194 se
845 3128 1102 3215 transfigurabat
1117 3126 1153 3194 iri
1167 3131 1322 3217 angelum
1346 3131 1436 3210 lueis,

386 3255 429 3299 ne
451 3256 493 3299 ex
516 3232 666 3299 claritate
684 3231 736 3296 sui
758 3231 906 3317 proditor
928 3230 1103 3312 existeret3
1127 3232 1183 3296 sed
1206 3232 1326 3299 induta
1347 3234 1437 3299 virili

387 3338 492 3403 forma
507 3335 593 3421 quod
616 3339 688 3400 erat
710 3333 947 3411 dissimulabat,
964 3338 1004 3397 ut
1025 3354 1197 3419 procorum
1220 3334 1337 3400 faciem
1352 3335 1437 3403 faee-

387 3445 443 3505 tus
476 3437 654 3503 exhiberet.
720 3436 911 3522 Captusque
942 3456 1058 3511 amore,
1091 3435 1144 3500 vel
1176 3436 1286 3521 potius
1317 3438 1437 3516 anima,

386 3540 543 3617 mulieris,
575 3537 706 3625 pilosus,
740 3538 954 3613 incontinens,
987 3537 1113 3621 superis
1145 3537 1288 3604 lascivus
1315 3540 1436 3625 obgan-

387 3643 508 3709 niebat.
555 3640 641 3707 Cum
674 3640 787 3726 itaque
818 3645 894 3724 post
924 3637 1097 3704 diutumas
1127 3639 1262 3724 nuptias
1288 3640 1437 3706 moeroris

312 3820 320 3829 ‚
388 3744 507 3811 mulier
543 3741 738 3809 miserabilis
779 3741 923 3806 dolorem
957 3740 1158 3826 concepisset
1191 3745 1226 3805 et
1259 3742 1437 3827 peperisset

387 3847 607 3934 iniquitatem,
640 3843 774 3930 cupiens
808 3843 851 3908 ad
882 3841 1057 3907 arbitrium
1088 3842 1244 3927 martyris
1275 3843 1436 3909 celebrare

390 3950 580 4025 divortium,
597 3969 638 4012 ex
660 3950 739 4011 voto
760 3945 804 4010 ad
826 3944 941 4009 urbem
957 3942 1171 4009 Cantuariam
1194 3966 1328 4031 peregre
1351 3967 1436 4011 seeo·

387 4054 493 4119 debat.
541 4049 747 4135 Sequebatur
764 4053 876 4112 autem
898 4046 1088 4125 Asmodeus,
1105 4051 1289 4133 suspectam
1312 4047 1437 4113 habens

386 4156 484 4233 viam,
509 4159 543 4220 et
566 4151 695 4219 discidii
718 4150 839 4215 damna
862 4150 1078 4235 praecogitans
1101 4148 1319 4235 oppressionis
1346 4151 1437 4217 lucra

387 4259 494 4326 obiter
515 4254 684 4341 capiebat3
706 4251 947 4338 impatiensque
969 4271 1078 4329 morra,
1100 4272 1168 4316 non
1190 4272 1262 4317 eam
1286 4252 1437 4320 reducem

388 4358 608 4448 exspectabat,
632 4356 689 4422 sed
711 4354 835 4441 pariter
856 4376 945 4419 maro
968 4360 1192 4420 transcurrens
1222 4355 1264 4421 ed
1295 4378 1435 4442 preasen-

394 4466 476 4531 tiam
507 4459 663 4548 martyris
692 4480 797 4543 usque
819 4460 1009 4543 prosecutus
1039 4463 1097 4522 est.
1144 4458 1323 4526 Nesciebat
1353 4462 1440 4547 quod

394 4565 543 4653 Raphael
564 4562 756 4630 cismarinus
787 4559 858 4625 sive
880 4581 900 4625 a
923 4559 994 4625 viro
1025 4559 1094 4626 sive
1124 4583 1145 4627 a
1174 4563 1311 4628 muliere
1342 4585 1437 4630 omne

395 4665 593 4733 daemonium
626 4665 773 4730 extricat.
820 4662 965 4727 Ventum
989 4667 1060 4727 erat
1092 4664 1135 4726 ad
1165 4666 1437 4749 peregrinationis
