3316 6240
383 759 450 823 290
716 771 897 821 nimbum
919 772 945 821 s.
968 770 1107 831 risuum,
1288 756 1367 839 [mn.
1384 769 1437 818 111.

220 972 295 1045 (qest
387 957 529 1043 pustulis
563 958 814 1043 protuberantes
837 962 871 1021 et
893 957 1008 1043 ignitis
1034 956 1220 1021 feruoribus
1243 954 1437 1041 prurientes,

217 1034 340 1151 Ξιξξξξὲ
386 1080 514 1145 magma
537 1058 742 1124 infirmitatis
764 1064 929 1145 conceptae
954 1058 1114 1124 dederant
1136 1057 1305 1123 indicium.
1353 1055 1439 1121 Oen-

387 1161 557 1226 sulebatur
594 1162 748 1238 medicus,
787 1161 845 1245 qui
883 1166 1091 1226 excrementa
1136 1159 1239 1224 noxia
1285 1158 1441 1223 delinivit

387 1262 586 1349 unguentis3
623 1263 681 1327 sed
703 1283 750 1341 ea,
779 1262 859 1325 dum
890 1262 1002 1327 morbo
1034 1260 1261 1337 blandiuntur,
1285 1260 1420 1333 irritant
1432 1282 1440 1337 ;

387 1364 445 1448 qui
467 1363 671 1431 transsiliens
694 1368 804 1450 portes
826 1363 869 1428 ab
892 1362 1049 1428 umbilico
1082 1363 1234 1428 deorsum
1258 1360 1440 1455 occupavit,

387 1465 559 1551 partialem
583 1465 726 1530 dolorem
749 1465 785 1529 in
800 1468 909 1529 totum
932 1463 1177 1530 transfundens.
1223 1462 1322 1528 Unde
1339 1460 1441 1546 coepit

386 1572 495 1631 totum
510 1567 738 1652 corpusculum
762 1566 934 1651 denigrari,
951 1565 1096 1631 maxillae
1120 1585 1221 1651 supra
1235 1565 1440 1630 maxillarem

386 1668 520 1732 modum
541 1690 747 1754 grossescere,
770 1667 900 1733 arteriae
922 1667 1047 1732 enormi
1063 1667 1270 1731 ventositate
1287 1658 1440 1742 distendi,

387 1769 473 1835 oculi
499 1768 682 1855 prominere
704 1775 864 1853 tanquam
898 1768 1006 1853 capite
1029 1768 1222 1853 profluxuri.
1267 1766 1322 1833 Sic
1345 1768 1441 1852 quin-

385 1871 490 1938 decim
528 1873 643 1938 diebus
681 1873 794 1938 morbo
831 1893 889 1957 per
919 1876 1098 1957 augmenta
1133 1893 1193 1936 sua
1225 1871 1439 1957 praevalente,

387 1973 485 2040 miser
506 1975 550 2041 ad
583 1980 731 2040 extrema
762 1973 956 2039 trahebatur
992 1973 1178 2050 homuncio,
1203 1974 1259 2058 qui
1295 1972 1441 2057 querulis

387 2076 523 2142 vocibus
561 2077 785 2142 indesinenter
816 2096 893 2140 aera
926 2074 1096 2160 implebat.
1143 2074 1250 2139 Nemo
1274 2075 1441 2159 ,laeryma-

388 2176 471 2242 biles
508 2176 578 2264 ejus
617 2178 714 2244 fletus
752 2178 889 2243 audiens
924 2198 945 2241 a
978 2177 1060 2241 fletu
1092 2177 1316 2263 temperabat;
1345 2197 1441 2241 nemo

388 2280 506 2345 videns
527 2279 662 2346 miseras
692 2280 781 2366 leges
802 2279 957 2343 humanae
981 2279 1180 2344 conditionis
1202 2300 1270 2345 non
1292 2279 1442 2345 attende·

388 2381 456 2446 bat.
512 2382 636 2446 Videns
673 2386 784 2446 autem
822 2385 917 2467 pater
947 2379 1027 2465 quia
1058 2380 1157 2467 longo
1194 2381 1342 2448 cruciatu
1379 2379 1442 2444 filii

389 2482 462 2547 vita
483 2483 736 2569 protraheretur,
759 2481 809 2546 nil
831 2482 1075 2547 conferentibus
1096 2482 1252 2548 humanis
1281 2482 1441 2558 remediis

389 2584 492 2670 eoepit
528 2584 565 2649 in
603 2606 638 2649 se
670 2584 885 2670 supplicando
919 2583 1068 2648 divinsrm
1100 2606 1275 2669 provocare
1316 2583 1441 2649 miseri-

390 2686 541 2752 cordiam.
589 2684 799 2763 “Succurre,''
822 2685 941 2771 inquit,
967 2685 1171 2751 “mediatrix
1193 2685 1257 2752 Dei
1279 2692 1315 2751 et
1336 2687 1441 2752 hemi-

391 2796 511 2852 “num
542 2788 640 2854 beata
662 2788 776 2865 Maria,
800 2808 974 2872 quaecum
999 2787 1204 2873 virginitatis
1227 2788 1349 2855 honore
1380 2788 1441 2853 foe-

391 2898 408 2924 “
429 2891 599 2957 eunditate
622 2890 819 2977 praeminens
846 2888 990 2955 clausam
1014 2889 1109 2954 nobis
1143 2890 1260 2976 primae
1290 2890 1439 2977 parentis

391 2999 408 3025 “
430 2998 541 3058 erratu
563 2997 692 3079 portam
715 2991 832 3056 salutis
854 2989 1034 3077 aperuisti;
1057 2990 1148 3077 aperi
1170 2992 1249 3058 huic
1270 2991 1442 3079 languenti

223 3110 358 3188 (nnuc.
392 3095 541 3159 “sinum
558 3091 799 3169 misericordius,
823 3098 985 3178 quatenus
1008 3094 1146 3160 sanitati
1176 3093 1351 3159 restitutus
1374 3094 1442 3158 Ru-

222 3177 378 3238 ¹¹¹⁸d⁰¹¹¹’¹¹¹
392 3204 409 3230 “
431 3218 507 3281 pem
529 3197 635 3262 sancti
658 3195 834 3273 Amatoris,
858 3216 924 3281 qua
955 3196 1054 3282 digne
1086 3217 1206 3261 nomen
1229 3202 1324 3261 tuum
1355 3196 1439 3262 cele-

224 3242 352 3385 ἓέἒῐὸζέ-
393 3306 409 3332 “
431 3298 554 3375 bratur,
588 3282 641 3362 me
674 3298 801 3375 comite,
825 3296 883 3382 qui
915 3302 1049 3383 propter
1071 3297 1158 3364 hanc
1188 3319 1320 3363 eausam
1342 3297 1441 3383 profi-

223 3376 351 3503 ffiffi'
393 3406 410 3432 “
431 3398 508 3465 oisci
529 3404 666 3485 paratus
681 3420 763 3476 sum,
779 3399 884 3485 possit
906 3398 1023 3464 adire.'’
1069 3398 1271 3483 Hujusmodi
1292 3399 1444 3486 precibus

224 3520 249 3569 1>-
261 3508 334 3569 Μ)
393 3501 512 3586 saepius
551 3505 585 3567 et
620 3502 814 3587 propensius
851 3500 1016 3580 instabat3
1051 3500 1202 3566 similitor
1239 3506 1275 3566 et
1304 3501 1444 3567 aliorum

224 3625 325 3677 naum
392 3607 579 3669 unctorum
612 3603 768 3689 suffragia
803 3602 1010 3689 postulabat;
1040 3603 1097 3668 sed
1128 3604 1171 3669 ad
1202 3604 1444 3670 invocationem

224 3693 352 3810 ffiflffle
392 3706 444 3769 sui
477 3706 620 3771 nominis
653 3727 720 3772 non
752 3706 971 3771 exaudierunt
994 3706 1052 3790 qui
1075 3712 1161 3771 retro
1195 3711 1344 3792 tempora
1375 3729 1443 3772 sum

224 3826 337 3877 exertion
353 3824 383 3876 of
391 3808 638 3897 glorificationis
671 3809 867 3885 habuerunt,
891 3814 930 3872 ut-
956 3812 991 3872 et
1022 3828 1082 3873 sua
1104 3813 1252 3895 tempora
1285 3809 1443 3895 propitia-

224 3892 379 3943 miraculum
391 3913 492 3977 tionis
523 3916 651 3997 martyr
677 3912 852 3977 modernus
881 3909 1025 3976 haberet.
1072 3910 1202 3975 Pridem
1234 3916 1443 3978 cucurrerant

224 3966 347 4022 powerto

224 4024 340 4076 thonnor
393 4019 555 4099 quantum
586 4019 767 4099 potuerunt
797 4020 832 4079 et
866 4018 1027 4098 quantum
1059 4013 1250 4091 debuerunt,
1274 4014 1375 4099 signis
1409 4019 1444 4078 et

226 4090 292 4143 lm
301 4092 369 4143 Μ’·
392 4116 550 4203 prodigiis
572 4121 795 4195 coruscantes3
824 4136 913 4182 nunc
934 4116 1070 4181 tandem
1092 4120 1163 4181 erat
1186 4122 1220 4181 et
1248 4137 1335 4181 novo
1358 4138 1443 4181 mar-

393 4218 463 4304 tyri
499 4219 704 4297 eurrendum,
739 4222 779 4282 ut
812 4218 850 4283 in
882 4217 1030 4305 catalogo
1061 4223 1248 4284 sanctorum
1286 4218 1443 4285 mirificus

391 4320 575 4400 haberetur,
599 4321 743 4387 Domino
765 4320 975 4407 dispensante
990 4343 1072 4407 quae,
1095 4321 1257 4407 aquibus,
1274 4327 1309 4386 et
1324 4321 1444 4407 quibus

391 4424 602 4510 temporibus,
639 4424 711 4489 fieri
745 4423 895 4489 debeant.
952 4424 1000 4488 Eo
1037 4445 1179 4509 namque
1216 4430 1369 4491 currente
1410 4431 1445 4490 et

392 4525 491 4611 longa
512 4526 620 4613 spatia
651 4526 905 4604 transmittente,
929 4526 996 4591 illis
1030 4532 1189 4613 tanquam
1212 4527 1378 4593 veteranis
1410 4533 1444 4592 et

392 4629 538 4694 emeritis
571 4628 705 4694 interim
737 4627 917 4693 debebatur
948 4630 1062 4696 otium.
1108 4629 1194 4695 Cum
1226 4635 1338 4696 autem
1369 4635 1445 4717 post
