3316 6240
385 750 427 811 14
762 762 844 811 vrrs
867 763 893 813 s.
916 763 1054 824 raonis,

381 945 542 1010 fibertate.
610 946 778 1012 Postremo
809 946 934 1012 indicet
966 948 1044 1031 quia
1075 946 1183 1025 vellet,
1214 947 1243 1012 si
1277 948 1433 1036 suffiagio

382 1069 495 1112 eorum
512 1048 695 1132 juvaretur,
711 1047 1001 1113 consuetudinibus
1023 1048 1090 1112 illis
1110 1048 1250 1114 obviare.
1297 1049 1353 1114 Illi
1375 1072 1435 1136 per

382 1149 493 1213 omnia
515 1169 611 1212 suum
637 1148 835 1234 pollicentur
856 1148 1066 1235 adjutorium,
1089 1150 1126 1214 in
1153 1170 1191 1215 eo
1220 1150 1329 1216 adhuc
1358 1172 1433 1238 pro-
1475 1158 1479 1163 '

381 1251 488 1335 posito
510 1251 727 1336 persistentes,
743 1256 782 1315 ut
805 1252 840 1314 in
862 1250 914 1315 his
930 1273 1003 1337 quae
1019 1251 1083 1316 Dei
1106 1259 1185 1317 sunt
1199 1253 1318 1317 devote
1340 1274 1433 1338 pare·

380 1361 463 1434 rent,
474 1377 535 1421 nec
549 1356 694 1441 aliquam
708 1356 954 1442 promissionem
969 1357 1114 1423 facerent
1128 1364 1188 1422 aut
1198 1357 1432 1444 obligationem

380 1478 455 1522 cum
477 1480 515 1523 eo
537 1459 667 1535 inirent
692 1459 756 1522 nisi
773 1464 935 1543 quatenus
957 1465 1092 1544 possent
1113 1459 1205 1524 salvo
1227 1460 1342 1525 ordine
1364 1482 1431 1526 suo.

215 1561 318 1639 amalr,
380 1561 511 1625 Accidit
533 1566 608 1646 post
629 1561 794 1626 modicum
817 1562 1004 1647 episcopum
1036 1560 1297 1627 Luxoviensem¹
1321 1583 1432 1629 recon-

213 1627 348 1753 ffiiss'fff
380 1661 514 1727 ciliandi
544 1664 652 1749 gratia
681 1686 790 1749 regem
819 1686 862 1729 ex
884 1664 1112 1729 transmarinis
1134 1663 1259 1743 adisse;
1288 1684 1365 1729 nam
1389 1663 1432 1729 ab
1534 1684 1543 1697 '

212 1760 368 1875 {¹5¹3in
380 1763 527 1828 amicitia
544 1764 615 1848 ejus
630 1764 803 1829 exciderat.
851 1763 922 1840 Cui,
939 1764 1048 1830 forsan
1070 1768 1110 1828 ut
1131 1770 1337 1849 recuperaret
1357 1786 1432 1851 gra·

259 1841 285 1890 ε’
381 1869 463 1933 tiam
486 1890 585 1954 quam
607 1869 802 1955 perdiderat
825 1868 998 1936 consilium
1021 1870 1113 1935 dedit
1138 1869 1279 1954 (utinam
1305 1890 1374 1934 non
1395 1870 1433 1935 in

380 1968 546 2034 lesionem
568 1971 711 2035 nominis
733 1971 807 2056 sui),
830 1977 870 2035 ut
891 1971 934 2036 ad
958 1992 992 2035 se
1014 1976 1141 2056 partem
1164 1971 1241 2037 cleri
1264 1976 1432 2038 converte·

381 2076 439 2148 ret,
455 2093 498 2136 ne
520 2093 587 2136 non
608 2072 765 2137 adversus
788 2094 864 2137 eum
886 2072 1103 2158 praevaleret,2
1118 2073 1197 2137 dum
1220 2073 1319 2137 simul
1337 2074 1432 2159 quasi

381 2178 530 2236 conserta
559 2173 629 2237 acie
658 2177 793 2251 starent,
825 2173 1130 2258 communicatoque
1160 2170 1341 2259 suffragio⁸
1366 2174 1431 2239 sibi

380 2273 601 2338 subvenirent.
647 2274 812 2341 Probabat
843 2275 985 2340 coelestis
1010 2276 1168 2340 nimirum
1191 2275 1329 2362 Figulus
1351 2297 1432 2343 vasa

379 2397 447 2454 sua,
482 2398 586 2440 unum
624 2376 761 2442 mittens
798 2378 834 2441 in
868 2379 978 2464 ignem
1012 2378 1100 2463 quod
1137 2378 1174 2442 in
1210 2378 1431 2443 ministerium

380 2478 495 2542 domus
527 2468 598 2543 suae
620 2479 796 2544 transferre
827 2479 1029 2564 disponebat,
1061 2484 1096 2544 et
1125 2500 1245 2545 aurum
1275 2500 1297 2545 a
1326 2480 1431 2546 scoria

380 2580 561 2666 separabat.

493 2770 573 2857 (14.)
597 2769 729 2838 moue
751 2770 981 2859 cpiscoporum
1002 2772 1045 2838 ab
1067 2771 1317 2860 ordricpiecopo.

211 2932 359 2985 Adrision
424 2926 533 3013 Igitur
555 2927 739 2993 laboratum
770 2934 820 2992 est
854 2934 888 2992 et
910 2928 1113 2994 elaboratum
1142 2934 1182 2992 ut
1204 2928 1289 2995 inita
1319 2928 1430 2994 unitas

211 3002 359 3131 fflssfffl
378 3028 522 3094 ccclesiae
544 3029 755 3106 scinderetur,
772 3034 807 3092 ct
830 3029 866 3091 in
888 3033 998 3114 partes
1021 3029 1107 3115 regis
1130 3029 1273 3115 episcopi
1295 3050 1429 3095 conver·

378 3135 535 3207 terantur,
560 3135 723 3214 quatenus
746 3134 781 3193 et
802 3128 1065 3215 archiepiscopus
1095 3136 1346 3207 converteretur,
1369 3136 1430 3196 aut

379 3232 407 3295 si
439 3231 527 3295 solus
559 3236 670 3306 staret,
693 3230 789 3295 facile
820 3236 1049 3296 contereretur.
1111 3231 1285 3297 Conversis
1316 3232 1429 3317 itaque

379 3332 538 3419 episcopis
577 3332 695 3417 quibus
733 3332 776 3396 ab
813 3332 951 3418 antiquo
984 3333 1070 3420 regis
1107 3334 1182 3399 odio
1220 3334 1429 3421 dispendium

379 3434 598 3498 membrorum
622 3437 656 3498 et
679 3431 794 3498 salutis
816 3434 1004 3519 impendere
1024 3434 1208 3514 videbatur,
1224 3435 1282 3501 sed
1297 3440 1332 3500 et
1346 3435 1428 3515 aliis,

379 3535 437 3620 qui
460 3535 594 3599 domum
616 3555 709 3600 suam
735 3555 833 3620 super
854 3556 988 3601 arenam
1018 3542 1201 3622 posuerant,
1226 3541 1265 3615 et
1282 3536 1429 3602 fluminis

378 3636 592 3723 impingentis
622 3636 783 3721 impetum
813 3658 880 3702 non
911 3638 1127 3715 sustinebant,
1152 3636 1238 3702 adiit
1267 3636 1428 3723 Hylarius

378 3737 591 3805 Oicestrensis
613 3739 796 3824 primatem,
820 3744 854 3804 et
875 3739 1105 3805 commendans
1127 3760 1241 3825 pacem
1263 3744 1429 3804 mutuam·

377 3862 441 3926 que
464 3862 665 3906 summorum
686 3841 833 3905 virorum
855 3842 1068 3918 concordiam,
1085 3842 1240 3906 monebat
1260 3862 1303 3906 ne
1324 3841 1428 3905 domi·

377 3964 459 4007 num
491 3965 588 4007 auum
622 3948 837 4028 exasperaret,
862 3942 941 4029 quia
973 3943 1036 4007 sibi
1070 3963 1138 4007 non
1170 3942 1347 4028 expediret,
1371 3943 1429 4007 sed

379 4043 630 4109 consuetudines
653 4043 724 4127 ejus
743 4043 851 4108 avitas
871 4043 1085 4122 confirmaret,
1101 4048 1136 4108 et
1158 4043 1267 4130 ipsum
1286 4044 1428 4109 amicum

379 4145 522 4210 haberet.
592 4144 698 4224 Quem
733 4144 855 4229 primas
890 4167 1034 4231 quaerere
1069 4145 1132 4209 sibi
1166 4144 1360 4231 perhibebat
1391 4145 1429 4210 in

412 4322 501 4373 ¹'1'his
526 4321 640 4386 (instead
657 4318 686 4370 of
700 4317 878 4385 heresiensis)
924 4322 969 4372 the
991 4322 1086 4388 clergy,
1109 4320 1208 4372 instead
1229 4321 1259 4372 ol
1283 4322 1327 4371 the
1355 4320 1427 4386 king,

376 4403 398 4453 is
425 4403 469 4453 the
497 4401 608 4467 spelling
629 4400 660 4451 of
682 4400 741 4453 MS.
764 4399 879 4453 Winton.
924 4399 1003 4466 being
1029 4402 1104 4451 made
1131 4400 1175 4451 the
1200 4400 1300 4463 subject
1327 4399 1358 4450 of
1382 4401 1427 4450 the

376 4483 542 4548 throughout.
925 4479 1016 4530 clausa

408 4560 484 4610 2ιιοη
506 4560 618 4622 omitted,
640 4560 692 4610 and
715 4556 880 4622 masalmae
958 4557 1098 4621 'canalia
1109 4559 1144 4610 V.
1155 4560 1186 4609 L.

377 4638 418 4688 for
435 4638 585 4704 manaurae
606 4637 633 4688 in
654 4638 689 4689 V.
713 4638 763 4688 and
782 4639 880 4703 Lupus,
