3316 6240
362 769 427 836 344
695 754 875 831 unacum
898 780 923 830 1.
947 778 1085 840 111111,
1267 763 1347 848 [nm
1363 780 1409 831 rv.

363 988 479 1032 nerum
511 967 686 1053 respiciens
709 966 782 1051 ipsa
796 965 935 1030 vulnera
956 986 1024 1030 non
1039 964 1176 1030 invenit.
1224 963 1277 1029 Ne
1298 967 1411 1028 autem

362 1068 515 1134 involuta
535 1069 620 1134 lanae
643 1068 783 1132 vulnera
804 1067 954 1144 laterent,
970 1067 1041 1133 loca
1063 1066 1239 1131 vulnerum
1262 1070 1414 1151 suspecta

363 1169 528 1248 totondit;
568 1168 778 1253 advertitque
816 1168 895 1252 quia
928 1189 979 1231 res
1017 1187 1104 1232 nova
1141 1188 1199 1252 per
1231 1170 1412 1252 martyrem

363 1269 553 1355 contigisset
565 1292 573 1348 ;
618 1289 696 1334 nam
745 1288 843 1334 carne
888 1266 1113 1353 redintegrata
1150 1266 1291 1332 vulnera
1345 1286 1413 1330 non

363 1374 620 1455 apparuerunt·

409 1470 491 1537 Ecce
513 1471 648 1535 brutum
670 1469 793 1534 animal
824 1469 980 1535 mirificus
1006 1468 1062 1533 ille
1095 1467 1277 1534 suscitavit.
1324 1467 1413 1547 Quid

365 1572 568 1649 sacramenti,
590 1570 716 1647 fratres,
739 1575 896 1657 putamus
928 1571 1060 1635 inesset
1105 1570 1184 1634 Non
1214 1570 1303 1635 enim
1336 1570 1413 1634 bru-

197 1686 333 1747 ncuss,
366 1681 474 1741 torum
505 1672 697 1739 resurrectio
735 1674 895 1738 credenda
926 1678 983 1738 est.
1044 1672 1185 1738 Beatum
1216 1672 1412 1737 Silvestrum

197 1753 348 1871 {lsffi'
365 1776 504 1863 legimus
538 1781 672 1841 taurum
695 1776 738 1840 ad
772 1776 878 1840 vitam
909 1795 1094 1855 revocassc3
1128 1775 1186 1839 sed
1217 1774 1415 1859 exposcebat

200 1883 292 1936 Goion
346 1857 448 1943 ’illud
471 1877 650 1943 infidelitas
671 1876 873 1953 «Iudaeorum,
896 1875 954 1960 qui
977 1875 1097 1963 ctipsi
1120 1875 1163 1940 ad
1186 1875 1291 1940 vitam
1321 1895 1413 1938 revo-

198 1950 265 2017 Agr.
279 1954 352 2004 ¹³⁷⁵·
365 1978 461 2045 candi
484 1984 579 2043 erant
600 2000 658 2063 per
680 1977 819 2064 signum,
835 1998 877 2043 ne
893 1977 1046 2063 perirent,
1062 1982 1097 2042 ct
1117 1997 1160 2040 ne
1175 1974 1416 2062 periclitaretur

364 2080 446 2144 fides
483 2079 694 2145 credentium.
750 2078 816 2144 Hic
853 2083 965 2143 autern
999 2078 1079 2164 quid
1116 2098 1223 2143 causae
1252 2076 1415 2142 credimus

364 2186 544 2265 martyrem
578 2180 757 2245 habuisset
816 2180 871 2243 An
903 2180 977 2244 ideo
1009 2180 1143 2244 brutum
1176 2179 1349 2245 suscitavit
1378 2178 1415 2242 in

365 2305 497 2369 corporo
519 2286 616 2348 utet
639 2283 730 2347 bruti
753 2281 1059 2367 irrationabilesque
1085 2281 1234 2347 homines
1257 2281 1414 2346 susciten-

365 2390 423 2450 tur
452 2384 488 2447 in
511 2388 644 2448 mente?
689 2383 744 2446 An
774 2383 821 2448 sic
853 2383 896 2447 ad
930 2382 1054 2468 majora
1085 2381 1246 2448 credenda
1275 2381 1415 2447 vocandi

365 2504 503 2560 eramus,
535 2487 575 2548 ut
606 2483 647 2548 de
678 2483 833 2569 praesenti
867 2481 940 2546 vita
972 2503 1084 2546 eorum
1118 2482 1159 2546 dc
1193 2482 1313 2567 quibus
1344 2480 1415 2546 Deo

365 2606 445 2651 cura
474 2605 543 2649 non
572 2588 624 2649 est
656 2584 812 2649 restituta
834 2582 1010 2659 certiorati,
1045 2582 1223 2648 defutura
1256 2603 1415 2649 resurrec-

366 2686 457 2752 tione
479 2706 590 2750 eorum
618 2684 676 2770 qui
698 2685 743 2751 ad
774 2684 952 2772 imaginem
976 2683 1058 2769 Ejus
1092 2683 1217 2749 conditi
1238 2689 1318 2751 sunt
1348 2704 1416 2750 non

366 2784 596 2872 ambigamus?

384 3042 464 3130 (31.)
488 3042 537 3110 Dc
554 3043 674 3132 praelia
697 3051 823 3111 sanata
839 3066 904 3132 per
922 3066 1074 3133 prmum
1094 3044 1203 3114 sabito
1225 3044 1401 3135 disparere

861 3154 933 3215 tera

199 3316 342 3369 nminem
414 3299 456 3364 In
490 3300 572 3365 villa
603 3300 780 3368 Wedeford
818 3301 976 3386 quiddam
1010 3302 1129 3368 accidit
1166 3303 1255 3388 quod
1286 3302 1418 3369 silentio

198 3385 334 3503 gffiff’
369 3402 635 3491 praetereundum
657 3423 725 3467 non
748 3408 818 3482 cst3
849 3404 937 3487 quod
960 3403 1112 3488 quamvis
1134 3405 1177 3469 ab
1200 3404 1280 3490 ipsis
1302 3426 1418 3504 paren-

199 3515 318 3579 roroq),
369 3502 460 3569 tibus
481 3503 601 3589 puellas
623 3524 691 3569 non
714 3505 911 3582 audivimus,
935 3526 957 3570 a
979 3506 1097 3571 vicinis
1119 3510 1231 3571 tamen
1261 3506 1418 3572 clericalis

199 3582 314 3698 322¹&
369 3604 578 3693 professionis
601 3611 635 3671 et
664 3606 761 3672 bonae
783 3607 948 3692 opinionis
969 3608 1161 3693 accepimus.
1207 3606 1417 3694 Virguncula

201 3711 343 3780 drovning.
368 3706 439 3771 filia
461 3705 700 3784 molendinarii,
724 3707 843 3793 puerili
874 3707 1011 3773 levitate
1035 3708 1240 3795 vagabunda,
1264 3709 1300 3773 in
1332 3729 1419 3793 aqua

368 3807 547 3872 submersa.
571 3811 628 3872 est.
677 3807 784 3887 Quam
808 3829 883 3872 cum
914 3814 1067 3894 parentes
1089 3809 1212 3895 passim
1245 3810 1418 3894 quaesitam

368 3909 572 3995 reperissent,
589 3914 623 3974 et
645 3929 720 3975 cum
743 3910 951 3975 convicaneis
975 3917 1138 3975 mortuam
1161 3911 1417 3989 circumstarent,

368 4034 451 4099 puer
472 4011 604 4097 elegans
637 4011 729 4089 facie,
753 4011 902 4077 deferens
935 4013 1115 4099 ampullam
1138 4014 1243 4079 sancti
1274 4012 1417 4091 Thomae,

367 4114 558 4181 intervenit.
617 4113 716 4198 Spem
754 4114 899 4198 concipit
932 4121 1027 4199 pater
1065 4137 1106 4180 ex
1142 4116 1213 4179 viso
1247 4114 1349 4200 signe,
1384 4121 1419 4180 et

369 4215 451 4282 dicit
474 4236 582 4300 puero,
622 4223 638 4248 ‘¹
651 4214 711 4278 Est
744 4213 816 4279 hacc
841 4235 927 4299 aqua
961 4217 1025 4280 viri
1056 4216 1120 4281 Dei
1134 4216 1173 4281 1”
1227 4215 1418 4301 Respondit,

369 4324 387 4352 “
410 4317 492 4381 Haec
515 4314 590 4379 cst.''
638 4314 828 4400 Subjungit,
853 4315 954 4393 “Fili,
978 4317 1142 4383 modicum
1165 4317 1260 4382 nobis
1275 4318 1418 4404 petimus

370 4427 386 4452 “
409 4416 599 4502 impertiri.''
661 4416 836 4501 Impertiit,
875 4418 1055 4483 transfudit
1088 4420 1124 4482 in
1161 4440 1198 4484 os
1235 4419 1420 4498 defunctae;

369 4520 533 4595 defuncta,
556 4539 660 4605 parva
691 4519 934 4584 interveniente
967 4542 1067 4597 mora,
1099 4521 1254 4605 spiritum
1286 4520 1417 4608 recepit.

371 4620 457 4685 Puer
479 4618 566 4686 illico
589 4625 759 4706 resumpta
780 4620 928 4706 ampulla
949 4641 1017 4687 non
1039 4622 1230 4706 comparuit.
