3316 6240
382 752 446 814 282
715 764 895 815 erraneum
917 767 942 814 s.
966 764 1105 823 ruens,
1284 751 1362 835 [me.
1380 766 1429 817 111.

380 950 587 1027 constitutus,
619 972 694 1016 cum
717 950 822 1014 aleam
845 950 906 1015 fati
929 956 963 1014 et
986 948 1104 1014 dubios
1133 955 1274 1015 eventus
1300 951 1429 1016 militiae

379 1054 543 1129 recoleret,
567 1059 602 1118 et
624 1054 710 1118 tanti
734 1053 932 1118 discriminis
947 1054 1039 1119 lucra
1060 1074 1257 1137 eerrsamquo
1282 1053 1430 1118 certandi

380 1156 583 1241 disquireret,
614 1154 715 1219 solius
737 1176 833 1219 vanae
866 1155 979 1240 gloriae
1013 1155 1166 1219 bravium
1197 1159 1232 1218 et
1263 1154 1430 1239 popularis

277 1276 280 1281 '
378 1258 501 1323 favoris
523 1258 770 1324 mercimoniam
792 1259 828 1321 in
860 1279 958 1322 eausa
989 1258 1143 1344 repperit,
1177 1262 1212 1321 ct
1241 1257 1290 1320 nil
1315 1257 1429 1341 ‹lepre-

377 1360 496 1424 hendit
518 1360 555 1423 in
588 1359 742 1424 conflictu
774 1358 912 1423 militari
934 1356 1000 1421 nisi
1023 1358 1206 1445 periculum
1229 1358 1371 1443 corporis
1394 1363 1428 1422 et

378 1461 500 1525 damna
542 1481 692 1546 supernae
730 1460 920 1525 vocationis.
977 1460 1095 1545 Itaque
1143 1459 1285 1523 selubris
1322 1459 1427 1523 morbi
1492 1504 1496 1509 -

378 1560 516 1645 collyrio
538 1560 607 1623 litis
630 1560 732 1624 oeulis
762 1581 856 1625 crece
890 1561 1020 1637 mentis,
1044 1559 1203 1625 exercitia
1225 1559 1371 1623 tironum
1394 1565 1429 1623 et

378 1663 494 1726 ludum
517 1663 667 1748 ineptum
690 1663 872 1739 damnavit,
896 1685 993 1747 quem
1020 1663 1217 1728 temeritatis
1239 1667 1290 1727 est
1311 1683 1428 1746 appro-

377 1764 463 1827 bare,
511 1762 556 1826 Et
578 1762 657 1846 quia
689 1782 745 1827 cer
776 1784 872 1827 suum
907 1763 1134 1839 sanctificatit,
1170 1767 1319 1827 sanctum
1343 1784 1428 1826 mar-

377 1870 486 1949 tyrem
509 1863 621 1929 videre
655 1865 843 1950 promeruit,
877 1865 1041 1930 dicentem
1075 1865 1139 1929 sibi
1171 1866 1260 1949 quod
1289 1869 1427 1929 mortem

377 1986 535 2032 evasurus
566 1971 658 2031 esset.
706 1964 930 2032 Existimobat
952 1974 1063 2032 autem
1098 1968 1135 2030 in
1167 1967 1293 2031 visione
1325 1988 1360 2031 se
1385 1967 1429 2031 ab

378 2069 450 2155 ipso
486 2089 576 2132 marc
614 2067 842 2133 Britannicmn
893 2074 1174 2154 transportatum
1223 2069 1310 2153 quod
1352 2074 1428 2153 post

377 2170 525 2235 facturus
547 2171 676 2235 eratin
699 2192 742 2235 re.
789 2171 898 2256 Igitur
926 2171 1029 2256 juxta
1050 2172 1177 2237 dictum
1212 2171 1317 2236 sancti
1340 2171 1427 2234 sani-

378 2278 481 2339 tatem
505 2277 697 2338 consecutus
720 2278 778 2336 est.

701 2522 779 2607 (24.)
804 2521 852 2586 Dc
873 2542 955 2608 corto
977 2521 1109 2589 stetisse.

210 2702 309 2767 Grpe
421 2690 564 2756 Redibat
578 2710 600 2754 a
621 2689 773 2754 tirocinio
792 2689 888 2755 miles
910 2690 1017 2769 wido,
1033 2692 1098 2756 iter
1119 2714 1220 2778 agens
1244 2714 1302 2777 per
1316 2692 1427 2757 lucum

209 2768 354 2885 *goffia
375 2792 433 2879 qui
455 2793 539 2858 citro
561 2792 750 2857 Temesiam
781 2792 914 2877 respicit
944 2798 978 2857 et
1009 2794 1097 2858 ultro
1127 2794 1315 2861 Pentivum.
1362 2794 1427 2859 Cui

208 2898 347 2977 torremur
374 2901 508 2983 propter
531 2894 758 2960 sentientium
781 2893 1032 2959 multitudinem
1055 2896 1268 2980 praesentium
1292 2903 1327 2962 et
1349 2898 1426 2962 sub-

208 2966 352 3083 ffissff‘t
375 2996 592 3084 sequentium,
630 3019 689 3061 seu
721 2996 864 3061 nemoris
896 2996 1103 3075 densitatem,
1143 2999 1271 3063 duabus
1316 3000 1426 3065 loricis

209 3098 336 3149 Pontuieu
375 3105 513 3165 onustus
535 3098 702 3164 aberravit
724 3119 835 3182 equus.
883 3097 956 3177 Quo
979 3099 1118 3182 quresito
1141 3104 1176 3163 et
1198 3121 1264 3164 nen
1280 3101 1425 3178 invento,

207 3166 347 3281 illirss'llr-
374 3224 466 3288 spem
498 3200 754 3286 recuperationis
790 3199 901 3285 posuit
934 3201 970 3263 in
1003 3206 1090 3277 voto,
1125 3202 1244 3279 dicens,
1277 3202 1424 3279 “Rcdrle,

208 3296 316 3361 minu)
375 3304 510 3368 “beate
548 3302 681 3379 Thema,
715 3303 907 3387 jumentum
939 3303 1027 3388 quod
1070 3305 1255 3388 quaerimus.
1312 3306 1426 3370 Redde
1468 3384 1471 3391 Ι

376 3404 594 3469 “sarcinulas
626 3425 707 3488 quas
738 3403 948 3489 perdidimus.
1010 3404 1131 3471 Cereus
1162 3428 1204 3470 ex
1246 3411 1325 3471 voto
1363 3407 1426 3471 tibi

376 3514 394 3541 “
416 3508 536 3594 figetur
558 3528 662 3591 equus
684 3506 720 3568 in
742 3505 812 3571 loeo
836 3528 901 3591 quo
923 3507 1106 3592 requiescis,
1138 3508 1325 3573 memoriale
1352 3531 1425 3594 per-

376 3607 590 3693 “pulchrum
628 3613 662 3672 et
695 3607 912 3692 perspicuum,
947 3610 1035 3693 quod
1066 3610 1262 3675 beneficium
1285 3614 1427 3674 testetur

377 3716 394 3743 “
416 3709 608 3794 impensum,
647 3707 735 3793 quod
768 3708 888 3773 damna
925 3715 1039 3773 nostra
1079 3714 1204 3775 resarta
1242 3711 1423 3776 denuntiet.

376 3817 394 3845 “
416 3810 537 3887 Redde,
568 3810 664 3875 beate
705 3810 839 3887 Thema,
873 3810 1064 3895 jumentum
1103 3812 1191 3895 quod
1229 3811 1406 3895 queerimus
1418 3836 1426 3891 ;

376 3922 393 3948 “
415 3914 515 3978 redde
547 3913 726 3979 sarcinulas
757 3935 839 3999 quas
862 3913 1090 4000 perdidimus.”
1137 3913 1222 3979 Cum
1257 3914 1360 3999 igitur
1382 3914 1426 3979 ad

375 4014 504 4079 exitum
526 4015 667 4078 nemoris
689 4017 904 4100 processisset,
927 4014 1068 4099 contigit
1107 4013 1329 4078 errabundum
1353 4014 1424 4079 sine

376 4116 511 4181 duetore
549 4116 710 4181 cabellum
750 4114 912 4189 obvenire,
961 4113 1098 4178 sarcinis
1136 4114 1204 4177 suis
1242 4119 1423 4179 oneratum.

208 4214 363 4267 'ffi‘imt
376 4217 468 4283 Dicit
489 4216 609 4301 aliquis
640 4214 729 4279 casui
761 4214 994 4299 deputandum,
1018 4236 1086 4279 non
1108 4214 1256 4299 martyri.
1304 4214 1425 4294 Qurero

207 4282 336 4411 {miz-
376 4320 456 4404 quid
479 4318 568 4383 dicat
589 4320 727 4381 cesum?
773 4314 833 4379 Est
855 4316 943 4379 enim
977 4336 1071 4381 casus
1093 4315 1195 4399 juxta
1219 4317 1424 4401 quorundam

208 4414 312 4467 ΟΜΝ·
375 4421 561 4507 opinionem
578 4424 717 4484 eventus
739 4416 912 4482 temerario
927 4423 1020 4481 motu
1037 4418 1107 4482 sine
1122 4439 1221 4483 eausa
1236 4418 1423 4503 productus.

376 4524 508 4589 Dicitur
544 4528 579 4585 et
625 4542 718 4587 casus
767 4519 946 4583 secundum
984 4519 1066 4583 alios
1107 4520 1261 4603 quotiens
1297 4519 1424 4603 aliquid

376 4624 559 4709 cujuspiam
582 4621 630 4687 rei
651 4622 762 4707 ⁸«gratia
775 4622 909 4707 geritur,
925 4621 1017 4686 aliud
1040 4621 1238 4706 quibusdam
1262 4622 1302 4686 de
1318 4623 1425 4687 causis
