3316 6240
362 773 427 836 368
695 788 873 837 siarcum
895 789 920 836 s
944 788 1082 847 raons,
1268 774 1345 857 [nni.
1363 791 1408 838 rr.

191 981 257 1059 bom
269 981 325 1033 Ma·
362 976 425 1035 tur.
487 972 672 1058 chlamys1
703 980 737 1038 et
760 996 865 1060 equus
888 976 1113 1061 exigebantur.
1175 975 1225 1040 Ut
1251 975 1410 1061 possessio

191 1050 346 1179 fflssff'eux,
360 1072 472 1157 praeda
501 1074 602 1151 ficret,
625 1076 736 1161 praedo
766 1078 985 1163 grassabatur,
1009 1099 1076 1142 non
1107 1079 1216 1165 ipsum
1248 1099 1408 1164 posgaeffl.

191 1180 289 1232 hahis
360 1196 436 1253 rem,
466 1198 533 1242 non
568 1177 604 1240 in
638 1199 819 1263 possessore
854 1180 944 1244 aliud
977 1201 1076 1265 quam
1109 1202 1178 1245 rem
1210 1180 1409 1266 possessorio,

189 1247 336 1379 ,liffiffi
359 1278 541 1343 attendens.
603 1278 702 1343 Unde
727 1280 878 1344 nonnihil
910 1281 1097 1346 securitatis
1119 1280 1221 1345 habet
1243 1281 1327 1345 nihil
1350 1280 1409 1345 ha·

190 1380 301 1442 robus,
359 1379 441 1444 berc.
503 1380 673 1445 Possidcre
696 1402 838 1466 namque
861 1403 1032 1466 nunquam
1058 1382 1129 1447 sine
1151 1383 1269 1448 timore
1293 1387 1351 1460 est
1375 1389 1410 1448 et

189 1446 285 1497 butre-
538 1482 545 1496 .
605 1483 612 1497 .

189 1511 345 1565 covemhim.
357 1502 456 1547 cause
478 1482 623 1567 perieuh.

98 1638 102 1645 ·
188 1616 323 1670 Lucana.
716 1615 733 1640 “
756 1606 785 1670 Ο
809 1606 890 1670 vltae
913 1612 990 1672 buta
1012 1607 1152 1673 facultas

190 1686 280 1735 ⁶²⁷⁴·
404 1716 420 1742 “
443 1708 607 1794 Pauperis,
630 1709 829 1794 angustique
852 1708 957 1774 lares!
1003 1709 1192 1776 Omune1a
1213 1708 1365 1788 summa,8

403 1818 419 1844 “
442 1809 616 1876 Intellecta
638 1832 753 1895 parum
766 1807 821 1874 !”³

357 1959 466 2045 Igitur
488 1961 650 2026 irruentes
673 1961 709 2025 in
732 1982 806 2025 eum
831 1980 914 2045 equo
930 1959 1069 2045 dejicere
1092 1960 1292 2025 nitebantur.
1333 1960 1408 2047 Ipse

355 2067 467 2128 autem
506 2063 668 2127 irruentes
706 2062 742 2125 in
775 2083 808 2125 se
841 2060 954 2153 gladio
991 2062 1231 2137 reverberabat,
1264 2062 1408 2149 impetus

355 2186 513 2249 equorum
544 2164 719 2240 sustinens,
750 2161 927 2247 hastasque
958 2162 1138 2247 pnecidens
1172 2162 1282 2228 hostes
1313 2185 1407 2229 exar-

355 2266 475 2330 rnabat.
521 2264 620 2351 Spem
637 2264 738 2329 dabat
760 2264 863 2328 animi
887 2263 1087 2348 praestantia,
1104 2264 1185 2329 adeo
1208 2271 1248 2330 ut
1262 2264 1406 2329 vicissim

355 2368 587 2454 impugnantes
610 2367 827 2453 impugnaret,
843 2371 878 2430 et
893 2372 1036 2450 quatuor
1058 2388 1152 2431 unus.
1198 2366 1335 2432 Factum
1358 2372 1409 2431 est

355 2476 465 2535 autem
489 2475 528 2534 ut
551 2491 636 2554 equo
657 2490 717 2534 suo
741 2468 977 2554 suppeditante
1007 2475 1042 2534 et
1064 2474 1180 2534 ruente
1203 2468 1273 2554 ipse
1297 2490 1406 2535 corru-

355 2576 432 2636 eret.
477 2570 617 2636 Jacebat
634 2576 747 2635 autem
770 2570 956 2635 substratus
972 2575 1008 2635 et
1022 2591 1195 2656 oppressus
1210 2591 1293 2655 equo
1310 2591 1407 2654 quem

354 2673 532 2759 premebat,
555 2672 763 2758 habebatque
791 2672 980 2737 memoriam
1006 2672 1162 2756 martyris
1184 2671 1326 2749 Thonue,
1349 2672 1407 2737 sed

354 2798 476 2841 nomen
505 2798 573 2842 non
600 2777 798 2842 occurrebat.
860 2776 1036 2840 Auxilium
1070 2776 1114 2841 ab
1147 2798 1186 2841 co
1219 2776 1408 2862 postulabat

354 2900 452 2964 quem
476 2902 518 2945 ex
541 2879 674 2943 nomine
696 2878 869 2964 designare
891 2899 959 2943 nou
983 2883 1123 2963 poterat.
1185 2876 1270 2943 Oum
1294 2878 1407 2963 itaque

354 2982 497 3069 eorporis
520 2981 674 3067 angustie
704 2979 892 3066 linguaeque
923 2985 1093 3045 teneretur
1116 2980 1310 3065 ignorantia,
1334 3002 1406 3045 eru·

353 3085 406 3170 pit
428 3085 464 3148 in
478 3106 600 3161 vocem,
626 3082 775 3148 “Sancte
798 3082 932 3158 Thomu,
954 3103 1105 3148 succurre
1118 3081 1141 3147 !’'
1186 3081 1342 3146 Protinus
1363 3083 1407 3147 ad

353 3208 473 3251 nomen
503 3207 607 3271 equus
640 3185 783 3263 exsiliit;
806 3205 903 3268 quem
937 3185 1125 3269 raptoribus
1157 3183 1405 3259 abducentibus,

353 3289 510 3354 ebriavit
529 3288 572 3352 ad
587 3288 721 3352 beatum
738 3285 897 3351 Thomam
913 3290 953 3350 ut
967 3291 1002 3351 et
1016 3286 1080 3350 sibi
1102 3284 1254 3351 redderet
1275 3308 1405 3371 equum,

354 3395 389 3454 et
411 3388 588 3454 exauditus
611 3394 668 3453 est.
717 3387 858 3453 Sanctus
881 3387 978 3464 enim,
1001 3387 1153 3471 quamvis
1176 3407 1244 3453 non
1266 3386 1406 3455 incenti-

353 3489 580 3567 nenti,t1ibus
597 3487 762 3574 [temen]⁴
780 3488 896 3553 diebus
919 3488 1130 3573 interpositis,
1146 3508 1205 3572 per
1219 3486 1405 3573 episcopum

354 3591 652 3679 Petragorieensem
676 3591 830 3678 petitioni
854 3592 925 3677 ejus
948 3590 1114 3657 satisfecit.

489 3752 640 3840 Explicit
665 3751 749 3818 libor
772 3757 925 3839 quartem.
973 3749 1105 3837 Incipit
1128 3749 1279 3837 quintus.
1309 3790 1311 3795 ·

387 3998 395 4029 ¹
415 3997 519 4057 Clanis,
532 3998 589 4049 MS.
934 3995 945 4029 ³
962 3995 1053 4055 Deum,
1065 3996 1128 4046 Luc.

386 4076 398 4109 ²
413 4076 526 4136 nondum,
538 4077 600 4128 Luc.
935 4075 944 4105 ⁴
962 4075 1101 4127 harunce
1112 4073 1139 4124 lu
1150 4074 1206 4126 MS.
