3316 6240
430 755 494 818 498
767 762 946 814 mancum
968 766 992 813 s.
1017 763 1156 823 anons,
1340 747 1424 830 [nro.
1442 762 1495 811 vr.

428 950 536 1016 efferri
558 952 602 1015 ad
633 951 740 1017 locum
774 957 946 1029 remotum,
971 973 1035 1036 quo
1070 950 1259 1015 decreverat
1282 948 1427 1026 humari,
1453 950 1493 1012 et

428 1073 449 1117 a
471 1052 668 1136 quibusdam
691 1053 801 1118 vicina
832 1054 940 1129 morti,
964 1074 1031 1118 non
1053 1058 1192 1129 mortua,
1216 1056 1402 1137 putaretur,
1428 1050 1491 1116 de·

427 1160 541 1219 votam
583 1154 723 1239 martyri
757 1156 878 1240 spiritu
916 1159 1046 1240 recepto
1084 1153 1298 1219 convaluisse.
1346 1151 1416 1217 Sed
1450 1157 1490 1217 et

423 1256 582 1341 juvenem
605 1257 729 1343 pariter
751 1257 912 1334 exhibuit,
937 1257 977 1321 de
1009 1256 1102 1341 cujus
1125 1255 1318 1319 infirmitate
1344 1258 1378 1318 et
1403 1253 1486 1319 sub·

428 1365 540 1424 secuta
573 1359 715 1424 sanitate
749 1381 824 1423 eum
855 1362 1045 1424 constanter
1075 1360 1240 1432 assereret,
1273 1355 1398 1441 pariter
1429 1355 1487 1418 in-

428 1459 596 1525 firmitatis
619 1465 653 1524 et
675 1461 827 1525 sanitatis
849 1460 973 1525 indicia
995 1460 1098 1525 ooulis
1127 1458 1249 1523 nostris
1272 1456 1423 1542 praetulit
1445 1461 1484 1520 et

428 1563 562 1627 auribus
600 1563 720 1626 nostris
757 1563 890 1627 modum
929 1562 1068 1627 sanandi
1102 1560 1249 1646 protulit.
1307 1558 1484 1644 Siquidem

428 1684 503 1728 oum
526 1685 584 1748 per
606 1663 785 1728 triennium
808 1664 920 1728 fistula
943 1664 1129 1741 laborasset,
1147 1684 1221 1747 quar
1244 1683 1264 1727 a
1286 1661 1482 1726 summitate

310 1820 313 1825 .
368 1788 372 1795 ·
427 1786 515 1851 genu
564 1764 702 1829 tumoris
748 1767 951 1841 enormitate,
990 1766 1188 1831 foraminum
1234 1763 1483 1839 numerositate,

428 1863 548 1929 doloris
578 1865 754 1943 anxietate,
786 1867 904 1930 tibiam
934 1872 1040 1931 totam
1067 1866 1281 1941 subverterat
1313 1864 1482 1928 modicum

428 1965 587 2031 Thomam
610 1966 759 2052 expetiit,
782 1967 979 2033 medicinam
995 1967 1149 2051 exposcit,
1166 1972 1200 2031 et
1218 1986 1290 2031 ecee
1313 1964 1482 2029 dormiens

427 2068 515 2131 vidit
545 2073 579 2132 ot
600 2069 704 2132 sensit
725 2074 905 2154 ma1tyrem
929 2069 1020 2133 tibiae
1043 2089 1111 2132 suae
1135 2073 1274 2152 utraque
1296 2087 1398 2132 manu
1422 2066 1484 2131 ad·

427 2176 518 2232 mota
539 2169 760 2235 omnimodam
783 2171 960 2235 sanitatem
983 2169 1135 2234 conferre.

451 2419 553 2503 (104.)
578 2418 625 2484 De
644 2417 763 2504 puella
786 2441 861 2505 quw
879 2426 998 2505 potatu
1021 2440 1114 2504 oquu
1136 2416 1301 2503 nmotyris
1325 2415 1457 2481 Tlroouoe

817 2542 905 2584 sonu
928 2520 1082 2585 serrata

259 2689 414 2754 medaugh-
472 2672 566 2736 Uxor
588 2672 705 2737 militis
727 2673 886 2751 Walterii,
910 2675 951 2738 de
974 2680 1080 2738 castro
1111 2674 1199 2757 quod
1221 2679 1359 2738 vocatur
1389 2673 1480 2750 Wrz,

258 2755 414 2873 merwal—
427 2774 547 2838 statuit
568 2780 645 2838 ante
669 2796 728 2838 nos
762 2775 865 2865 filiam
899 2797 992 2839 suam
1024 2775 1118 2860 quasi
1152 2779 1342 2860 septennem
1365 2779 1477 2853 astate,

259 2890 376 2952 ww)
427 2875 544 2952 dioens,
581 2875 828 2941 “Laboraverat
858 2875 929 2941 haeo
962 2876 1100 2941 adversa
1134 2876 1324 2941 valetudine
1361 2875 1479 2962 hujus-

259 2956 342 3006 m·
429 2986 444 3012 “
466 2977 563 3055 modi,
587 2982 626 3041 ut
649 2978 743 3063 quasi
773 3000 831 3063 per
861 2978 1008 3064 singulas
1038 2977 1135 3043 horas
1167 2979 1277 3042 visum
1307 2978 1480 3044 amitteret

427 3089 443 3115 “
466 3086 500 3146 et
522 3080 682 3156 auditum,
717 3100 833 3144 manus
869 3084 1032 3157 tremeret,
1056 3079 1233 3145 enormiter
1263 3084 1414 3157 tumeret,
1444 3086 1480 3145 et

427 3190 501 3246 “os
525 3180 791 3266 distorqueretur,
816 3180 910 3265 quasi
943 3180 1088 3266 paralysi
1118 3186 1349 3266 percuteretur.
1396 3180 1479 3247 Sus·

428 3291 446 3319 “
469 3282 540 3367 oepi
563 3286 674 3346 autem
698 3283 841 3367 aliquem
858 3281 1054 3346 monachum
1070 3282 1221 3367 hospitio,
1245 3283 1302 3367 qui
1318 3284 1477 3367 martyris

429 3387 446 3417 “
468 3383 570 3447 vestri
592 3383 740 3467 reliquiis
777 3404 864 3467 aqua
900 3383 977 3447 lotis
1015 3383 1178 3449 infirmam
1217 3384 1364 3470 potavit3
1401 3405 1479 3469 quse

427 3490 445 3517 “
467 3482 632 3558 dormivit,
656 3487 691 3546 et
712 3504 793 3547 sana
816 3483 987 3548 surrexit?

696 3740 798 3825 (105.)
823 3741 870 3807 Do
892 3743 1022 3809 (luobus
1036 3743 1209 3829 fistulosis.

261 3918 399 3970 Amanof
473 3897 556 3962 Haeo
578 3917 617 3961 ea
639 3896 777 3972 dicento,
801 3903 972 3982 coeperrmt
994 3904 1028 3961 ot
1052 3898 1117 3962 duo
1140 3899 1273 3982 quidam
1296 3904 1477 3985 martyrem

261 3987 395 4101 qumbore
428 4000 616 4088 glorificare.
673 3999 820 4078 Quorum
858 4000 948 4076 altor,
983 3999 1139 4063 “Notum
1177 3999 1253 4076 est‚''
1275 4000 1330 4076 ait,
1362 4002 1479 4086 “quod

259 4056 377 4180 liubit)
429 4111 446 4137 “
468 4123 564 4167 narro
586 4123 645 4186 per
667 4101 781 4165 villam
805 4122 904 4185 quam
933 4101 1105 4165 Plumbere
1128 4106 1289 4165 nostrates
1320 4103 1477 4170 vocitant.

260 4184 377 4301 ffi‘llcgrf
383 4249 409 4300 in
430 4213 446 4240 “
470 4205 641 4290 Siquidem
664 4224 723 4289 ogo
746 4224 805 4288 per
820 4203 1083 4289 quinquennium
1106 4203 1220 4267 fistula
1243 4203 1474 4285 laboraveram,

263 4315 303 4365 his
315 4316 364 4382 leg.
429 4314 446 4341 “
469 4327 543 4392 quae
566 4326 587 4371 a
608 4304 692 4391 pedo
714 4325 817 4389 usque
839 4304 883 4369 ad
904 4326 992 4389 genu
1007 4304 1143 4369 alteram
1159 4303 1316 4369 tibiarum
1330 4327 1478 4372 mearum

430 4406 689 4472 “foraminibus
726 4404 840 4469 multis
878 4405 1079 4482 subvertens,
1103 4405 1190 4470 vires
1213 4411 1247 4471 et
1278 4406 1396 4472 vitales
1422 4430 1481 4474 ex·

433 4519 450 4546 “
472 4507 647 4572 hauriebat
669 4506 829 4571 humores.
862 4504 914 4569 Ob
936 4506 1078 4592 gratiam
1100 4512 1211 4570 autem
1234 4507 1386 4573 sanitatis
1402 4529 1481 4577 ora-

433 4619 450 4648 “
471 4608 593 4676 torium
616 4607 772 4693 martyris
794 4605 894 4693 hujus
925 4607 1082 4674 advectus
1116 4608 1197 4695 (non
1233 4608 1321 4675 enim
1358 4611 1477 4696 pedem
