3316 6240
363 740 426 805 236
695 748 874 801 aramum
897 749 922 799 s.
946 749 1083 810 morra,
1278 738 1356 820 [ers.
1373 754 1408 813 u.

363 935 452 1001 sistit
484 934 622 1021 gradum
654 932 809 1008 cominus,
844 953 865 996 a
901 932 998 1018 longe
1035 954 1093 1017 pes
1131 937 1231 1019 negat
1268 934 1410 999 officium

363 1060 467 1103 suum.
522 1036 661 1120 Aliquot
697 1040 809 1099 autem
847 1033 964 1098 diebus
1002 1034 1144 1099 evolutis
1181 1056 1268 1121 aqua
1305 1039 1410 1103 sancti

363 1138 497 1203 Thomae
512 1134 630 1223 potus¹
652 1140 686 1201 et
699 1135 787 1199 lotus
810 1135 853 1199 ad
875 1134 1009 1219 propria
1031 1135 1199 1210 remcavit,
1215 1157 1282 1200 non
1303 1143 1410 1222 gesta-

362 1246 418 1305 tus
439 1241 475 1303 in
498 1240 582 1303 lecto
604 1238 661 1302 sed
684 1236 828 1302 insidens
846 1236 1006 1321 jumento,
1031 1257 1161 1321 compes
1183 1239 1410 1317 membrorum,

362 1342 471 1406 minus
493 1341 644 1427 indigens
659 1326 822 1423 obsequiis
844 1337 1114 1402 ministrantium.
1163 1339 1207 1404 Et
1229 1346 1305 1425 post
1328 1346 1409 1407 tom-

362 1467 424 1533 pus
446 1442 611 1509 modicum
633 1441 762 1506 rediens
784 1462 901 1507 sanum
924 1461 958 1505 se
981 1438 1135 1504 exhibuit
1157 1441 1200 1505 ad
1222 1442 1354 1527 gratias.

410 1688 445 1775 (7
447 1688 489 1775 3.)
513 1688 561 1755 Dc
578 1684 896 1852 paralyliralrtbdr
918 1683 993 1751 etro
1015 1683 1087 1771 ejas
1109 1686 1172 1773 qui
1193 1686 1366 1754 liutardo-ra

803 1808 837 1852 m·
858 1792 962 1851 ‘seret

196 1952 325 2032 Aeetine,
409 1940 530 2005 Mulier
562 1939 700 2004 Acelina
722 1939 859 2003 eandem
882 1938 1066 2024 passionem
1097 1939 1268 2015 tolerabat,
1292 1941 1349 2005 sed
1376 1940 1411 2003 in

195 2020 354 2151 ffissffm‘
365 2048 458 2129 parte
492 2043 640 2127 corporis.
701 2042 818 2106 Rictus
854 2040 942 2105 enim
980 2040 1044 2105 oris
1081 2042 1333 2126 retorquebatur
1369 2043 1412 2106 ad

196 2152 339 2230 eundqra
364 2166 484 2211 aurem.
542 2144 630 2208 Nam
663 2143 772 2208 nescio
807 2143 894 2229 quod
926 2143 1164 2208 subcutaneum
1207 2149 1412 2209 contractum

196 2219 352 2335 fflefflq„
363 2245 501 2311 alteram
535 2244 743 2310 maxillarum
776 2244 997 2321 contrahebat,
1022 2245 1184 2311 dilatabat
1206 2245 1350 2320 alteram,
1374 2251 1413 2311 ut

197 2350 243 2401 her
253 2350 317 2401 l¹²00·
364 2348 422 2414 illa
444 2348 564 2413 damna
586 2346 748 2411 naturalis
770 2346 988 2433 longitudinis
1010 2346 1199 2423 incurreret,
1215 2347 1287 2412 haec
1309 2352 1412 2411 metas

363 2451 542 2517 excederet.
589 2448 688 2513 Unde
711 2447 812 2513 fiebat
834 2456 874 2513 ut
895 2449 1032 2513 alterius
1055 2449 1223 2514 oculorum
1257 2449 1413 2535 palpebra

363 2552 583 2637 supinaretur,
606 2549 745 2634 cilioque
768 2548 903 2614 reducto
935 2549 1099 2613 subrubea
1122 2549 1344 2613 denudaretur·
1366 2550 1413 2613 al-

364 2653 456 2717 bedo.
497 2652 594 2715 Hanc
617 2649 839 2735 importunam
870 2651 1030 2715 maculam
1054 2672 1129 2714 cum
1159 2672 1252 2715 suam
1286 2651 1414 2715 videret

365 2752 531 2818 obfuscare
554 2751 807 2836 pulcritudinem
833 2751 922 2835 (narn
939 2751 1095 2817 beneficio
1110 2758 1237 2816 naturae
1261 2752 1415 2817 floruerat

365 2854 507 2941 eleganti
530 2854 634 2937 faeie),
650 2854 826 2918 matronali
840 2854 1047 2919 verecundiae
1062 2855 1225 2939 parcebat,
1242 2876 1309 2919 non
1331 2878 1414 2940 pue-

364 2958 504 3023 sentiam
536 2978 638 3033 suam,
679 2956 765 3021 sicut
794 2962 1024 3033 consueverat,
1053 2957 1204 3043 ingerens
1242 2958 1414 3021 obtutilurs

363 3059 569 3137 vicinarum
600 3058 657 3122 sed
680 3058 836 3122 manebat
858 3058 893 3121 in
916 3057 1043 3123 occulto
1066 3058 1169 3123 donec
1191 3058 1291 3122 radiis
1307 3058 1414 3121 <livini

363 3167 530 3247 respectus
553 3161 721 3226 illustrata
736 3160 865 3245 prodire
880 3166 990 3246 posset
1013 3160 1048 3224 in
1071 3159 1248 3245 publicum,
1272 3161 1413 3224 sanitate

364 3270 516 3349 recepta3
550 3284 649 3347 quam
680 3262 804 3347 recepit
833 3261 895 3327 hoc
925 3262 1045 3325 ordine.
1099 3262 1242 3325 Veniens
1270 3260 1415 3325 Cantua·

364 3366 455 3441 riam,
489 3364 630 3447 martyri
660 3363 795 3428 Thema}
833 3385 892 3449 pro
930 3364 1043 3429 morbo
1074 3384 1132 3427 suo
1165 3363 1413 3448 supplicaverat,

365 3469 399 3529 et
425 3462 539 3529 abibat
570 3469 609 3527 ut
631 3462 774 3528 locorum
807 3463 1068 3527 suburbanorum
1100 3467 1229 3528 sanctos
1259 3469 1414 3548 patronos

365 3571 523 3633 exoraret.
575 3564 641 3630 Sed
657 3586 732 3631 cum
755 3565 798 3631 ad
820 3566 904 3629 fores
927 3565 1068 3630 ecclesiae
1085 3565 1210 3630 Christi
1235 3566 1415 3631 Salvator-is

365 3667 575 3755 pervenisset,
623 3667 725 3753 coepit
762 3672 895 3751 repente
933 3667 1036 3731 colere
1085 3673 1239 3753 statuque
1278 3675 1414 3745 mutato,

365 3776 523 3855 tanquam
539 3769 658 3855 spiritu
683 3774 897 3853 torqueretur,
914 3768 1048 3833 brachia
1070 3769 1281 3855 distorquere,
1299 3794 1415 3835 manus

364 3871 576 3958 complodere,
600 3874 839 3957 cognatumque
856 3870 998 3933 vesanire
1020 3876 1151 3956 gestum
1174 3880 1413 3957 repraesentare.

365 3974 511 4038 Tandem
543 3994 694 4037 corruens
732 3971 946 4036 volutabatur
983 3972 1018 4035 in
1050 3977 1144 4036 terra.
1207 3973 1414 4057 Simulaeque

365 4075 517 4151 surrexit,
542 4074 608 4138 oris
631 4079 665 4138 ct
687 4073 854 4138 oculomm
878 4072 996 4157 speciei
1027 4075 1184 4139 redonata
1214 4082 1270 4138 est.
1316 4076 1415 4140 hsta-

364 4178 424 4242 bat
446 4176 499 4241 vir
521 4176 601 4260 ejus,
626 4176 805 4240 Mauricius
840 4175 880 4239 de
904 4174 1091 4260 Wigewala
1115 4196 1189 4241 cum
1217 4176 1415 4242 mirantibus

364 4280 537 4356 admirans,
554 4283 589 4343 et
611 4278 804 4363 protrahens
827 4298 899 4342 eam
914 4299 989 4342 cum
1012 4277 1226 4343 multitudine
1249 4282 1416 4364 sequent-is

364 4383 478 4469 populi
511 4381 700 4447 recurrebat
730 4380 773 4445 ad
806 4379 938 4465 gratias,
974 4380 1187 4466 magnificans
1229 4390 1415 4469 martyrem,

780 4540 788 4546 ·
808 4537 1004 4547 —-————-
1157 4543 1315 4553 ——um
1327 4548 1339 4552 ..
1368 4546 1411 4552 *—

574 4624 582 4657 ¹
600 4623 707 4675 alterae
718 4625 753 4689 by
765 4621 952 4675 interlineation
962 4628 989 4674 to
996 4632 1098 4689 poturis
1108 4626 1136 4676 in
1146 4626 1204 4679 hlS.
