3316 6240
286 766 329 831 84
672 777 755 827 vrri
776 776 802 825 s.
824 774 962 839 moun,

287 960 420 1027 Interea
442 961 618 1047 pontifices,
638 960 739 1045 juxta
769 960 857 1045 quod
887 961 923 1023 in
955 958 1120 1024 mandatis
1142 962 1343 1045 acceperant,

287 1084 399 1147 pacem
422 1064 594 1128 reformare
618 1063 819 1149 satagebant,
844 1062 1003 1127 habentes
1030 1062 1065 1125 in
1088 1061 1254 1147 proposito
1277 1066 1342 1125 ter-

288 1187 358 1229 ram
382 1166 467 1251 regis
498 1165 674 1229 interdicto
700 1164 867 1248 subjicere,
891 1164 919 1227 si
950 1185 1016 1227 non
1047 1168 1179 1248 possent
1201 1184 1277 1228 eum
1299 1162 1343 1227 ad

290 1266 384 1349 pacis'
402 1266 564 1330 unitatem
588 1264 724 1329 trahere.
771 1264 911 1348 Jamque
942 1264 1086 1327 instante
1117 1262 1169 1327 die
1195 1284 1343 1347 peremp-

291 1365 374 1429 torio
406 1365 668 1431 comminationis
698 1364 892 1449 apostolieae,
916 1364 951 1427 in
981 1364 1155 1428 abutentes
1181 1363 1344 1449 patientia
1412 1421 1420 1437 ,

292 1465 417 1530 Christi
456 1466 650 1551 procedebat
687 1466 853 1529 sententia
893 1464 1079 1529 severitatis
1118 1464 1342 1529 ecclesiastice

291 1572 380 1633 certa
402 1573 436 1631 et
459 1567 531 1632 cita.
578 1567 676 1631 Unde
699 1567 778 1651 quia
804 1566 941 1630 ulterius
968 1564 1230 1651 tergiversationi
1253 1565 1342 1630 locus

291 1688 356 1730 non
380 1671 458 1743 erat,
481 1666 653 1751 adquievit
675 1673 715 1729 ut
736 1666 927 1752 Anglicanae
951 1686 1017 1751 pax
1032 1665 1221 1729 redderetur
1243 1664 1341 1731 eecle-

290 1768 354 1831 sire.
402 1767 512 1853 Igitur
533 1767 693 1851 episeopis
723 1772 757 1831 et
784 1767 958 1831 nobilitate
989 1766 1096 1831 multa
1118 1764 1340 1830 convenienti·

291 1870 352 1934 bus
383 1890 425 1933 ex
458 1869 607 1934 condicto
639 1870 675 1931 in
705 1869 874 1954 regionum
906 1868 1054 1945 confinio,
1085 1868 1144 1932 rex
1173 1874 1208 1931 et
1236 1866 1341 1933 arehi-

290 1972 459 2055 episoopus
481 1970 629 2048 Thomas,
658 1970 762 2055 primo
795 1992 852 2056 per
881 1970 1150 2033 intennediantes
1180 1990 1341 2053 personas,

291 2078 453 2156 postmmo
476 2073 556 2137 viva
577 2093 663 2147 voce,
688 2093 830 2136 seorsum
854 2072 1005 2137 collocuti
1028 2077 1113 2135 sunt.

439 2294 518 2379 (77.)
545 2293 757 2379 Coloe-etum
778 2293 866 2379 rep-is
887 2300 917 2359 ct
940 2291 1189 2379 archiepiscopi.

122 2450 275 2529 mancilia-
332 2442 485 2527 Dumque
528 2443 586 2507 diu
624 2465 804 2508 sermonem
843 2450 1055 2520 consererent,
1080 2442 1339 2527 archiepiscopus

120 2519 267 2647 {fflffl‘
287 2544 397 2607 subito
420 2565 503 2627 equo
526 2544 723 2609 descendens
750 2544 866 2628 pedem
889 2544 975 2630 regis
998 2544 1202 2608 osculaturus
1224 2563 1338 2627 appre-

120 2650 247 2725 thearch-
287 2644 411 2709 hendit.
458 2645 518 2708 Illo
549 2646 672 2730 paritor
703 2645 890 2710 hrmrilitate
921 2645 1071 2711 exhibita
1101 2645 1259 2709 festinans
1282 2643 1338 2707 de·

119 2715 219 2779 b¹⁸h⁰⁹'
287 2746 370 2809 siliit
401 2747 437 2810 in
466 2754 595 2825 terram,
619 2747 884 2833 apprehensoque
914 2748 1032 2832 stopho
1062 2746 1339 2832 archiepiscopum

286 2869 369 2933 equo
401 2848 579 2933 imponens,
615 2849 769 2926 “Decet''
799 2850 856 2925 ait,
882 2849 1025 2934 “majori
1058 2848 1167 2912 minus
1200 2848 1338 2933 dignum

287 2960 302 2983 “
327 2951 504 3015 famulari.''
551 2951 595 3014 Et
617 2950 799 3035 subjunxit,
824 2950 964 3035 “Optas,
982 2956 1020 3014 ut
1042 2950 1131 3027 dieis,
1155 2949 1192 3013 in
1214 2948 1338 3013 Gallias

287 3062 303 3085 “
326 3053 488 3137 repedare,
504 3053 561 3116 sed
577 3053 719 3116 arbitror
734 3052 888 3136 expedire
904 3042 970 3116 tibi
984 3073 1110 3117 meeum
1127 3051 1196 3116 dies
1211 3050 1338 3135 aliquot

287 3162 303 3187 “
326 3155 525 3229 commorari,
549 3158 588 3216 ut
618 3154 726 3237 palam
750 3154 903 3217 videatur
933 3153 1021 3237 quod
1051 3154 1197 3217 nondum
1223 3152 1336 3216 existi-

287 3263 304 3288 “
325 3262 442 3318 matur.
500 3254 617 3318 Sciunt
640 3276 751 3319 omnes
781 3254 972 3319 inimicitias
1001 3260 1137 3330 nostras,
1161 3274 1227 3339 pax
1252 3253 1338 3317 inita

287 3362 302 3387 “
326 3354 438 3438 paucis
468 3353 669 3418 innotescit.''
725 3354 933 3439 “Ingratus''
965 3354 1021 3430 ait,
1045 3364 1140 3419 “non
1173 3353 1337 3417 immerito

287 3462 303 3487 “
325 3453 509 3537 reputabor,
533 3453 561 3515 si
584 3451 843 3517 benefactoribus
866 3454 947 3517 meis
962 3453 1016 3518 vel
1039 3453 1113 3517 vale
1135 3474 1202 3519 non
1225 3453 1336 3519 fecero.

287 3562 304 3588 “
326 3554 386 3619 Ibo
409 3560 443 3619 et
465 3554 639 3619 revertar.''
693 3556 734 3617 In
764 3553 816 3619 his
847 3555 998 3620 concione
1022 3555 1157 3619 dimissa
1178 3555 1336 3642 arehiepi-

284 3676 399 3740 scopus
425 3655 468 3719 ad
498 3654 717 3739 expediendas
751 3656 994 3740 repatriationis
1026 3677 1094 3719 sure
1127 3654 1336 3721 necessitates

284 3756 320 3818 in
344 3754 485 3821 Galliam
507 3777 670 3843 regressus
692 3762 749 3821 est.

445 3970 524 4055 (78.)
549 3970 766 4057 Dilopidotio
788 3992 905 4037 rerem
927 3968 1174 4057 ar·ehieptecopt

118 4141 255 4191 Theaua
330 4123 401 4188 Sub
431 4124 493 4189 hoc
525 4130 668 4211 tompore
703 4126 908 4212 Randulpho,
933 4127 973 4191 de
1003 4147 1068 4211 quo
1099 4147 1183 4211 saepe
1210 4123 1335 4191 dictum

117 4206 229 4323 birpopp
285 4235 342 4302 est,
366 4226 402 4289 in
432 4226 528 4290 rebus
562 4226 795 4312 archiepiscopi
818 4227 1029 4313 malignante,
1062 4228 1152 4312 (nam
1179 4224 1336 4310 quiequid

117 4288 256 4401 {initieris
284 4332 413 4411 poterat
447 4326 658 4403 distrahebat,
691 4332 725 4391 et
751 4328 937 4392 conferebat
968 4328 1010 4391 ad
1043 4330 1099 4413 se,)
1124 4348 1183 4391 rex
1205 4326 1335 4391 circiter

117 4405 153 4520 gel
160 4405 261 4521 §⁸152st
284 4429 359 4491 idus
382 4429 578 4493 Novembris
601 4451 659 4514 per
681 4429 848 4494 ministros
878 4429 1111 4514 archiepiscopi
1135 4449 1216 4513 quos
1238 4427 1333 4491 mise-

283 4535 336 4595 rat
358 4552 466 4595 rerum
496 4552 628 4595 suarum
660 4531 891 4595 investituram
925 4531 1074 4625 recipere,
1106 4530 1234 4595 litterae
1265 4528 1334 4593 filio

283 4654 342 4698 suo
365 4633 486 4698 direxit
507 4632 716 4717 hujusmodi:
