3316 6240
361 760 428 821 214
698 774 877 823 Minaeum
900 777 925 823 s.
948 776 1086 836 anona,
1282 763 1359 845 [rm
1377 780 1413 827 n.

362 962 463 1034 entes,
487 979 561 1023 rara
592 959 772 1043 supercilia,
805 959 914 1024 ulcera
944 958 1153 1023 brachiomnr
1187 963 1222 1022 et
1255 959 1414 1023 femorum

360 1059 437 1135 lata,
473 1066 508 1123 et
544 1060 587 1124 ad
621 1082 693 1125 ossa
727 1061 955 1146 pertingentia,
993 1081 1149 1123 nauseam
1184 1063 1414 1143 provocabant.

363 1158 439 1223 Vox
461 1182 561 1225 rauca
575 1162 635 1224 vix
650 1162 693 1226 ad
716 1184 810 1225 aures
832 1184 931 1247 prope
953 1162 1072 1225 stantis
1088 1162 1287 1245 perveniens,
1312 1164 1413 1246 panni

358 1282 489 1347 quoque
527 1262 665 1347 singulis
703 1264 817 1327 diebus
855 1263 909 1326 vel
946 1263 1081 1327 alternis
1119 1268 1252 1347 propter·
1289 1265 1412 1328 saniem

360 1361 547 1427 effluentem
578 1362 739 1437 mutandi,
764 1362 949 1427 convictum
982 1367 1017 1425 et
1048 1362 1324 1427 cohabitationem
1348 1365 1414 1427 dis·

359 1464 549 1528 suadebant.
597 1456 773 1528 (lonfide'ns
796 1468 906 1527 autern
922 1463 1107 1527 adolescens
1130 1463 1170 1527 de
1193 1464 1414 1529 misericordia

358 1563 548 1648 meritisque
571 1565 661 1628 beati
684 1564 825 1640 Therme,
859 1586 956 1648 quem
979 1586 1121 1647 superna
1144 1565 1292 1649 tbgmatio
1314 1566 1412 1649 glori-

357 1663 480 1729 ficabat
510 1666 547 1729 in
578 1666 809 1742 consimilibus,
834 1666 1047 1731 Cantuariam
1079 1666 1284 1749 proficiscens
1308 1666 1415 1730 obiter

356 1766 394 1830 in
431 1768 534 1832 nimio
572 1769 697 1833 ventris
728 1768 882 1851 obsequio
920 1766 1098 1831 curationis
1136 1788 1203 1830 sure
1241 1768 1413 1850 praesensit

356 1868 462 1933 initia.
518 1869 616 1934 Porro
648 1875 723 1955 post
760 1869 898 1933 biduum
928 1868 1057 1933 rediens
1092 1891 1112 1932 a
1143 1869 1260 1933 tumba
1298 1869 1411 1933 Sancti

357 1968 492 2035 Thornae
515 1972 623 2036 sanati
646 1972 787 2055 vestigia
816 1971 921 2035 morbi
944 1971 1077 2034 domum
1101 1972 1290 2055 reportavit.
1347 1971 1412 2050 Qui

359 2091 435 2135 cnm
458 2093 526 2136 una
548 2073 674 2137 dierum
698 2074 885 2157 episcopum
916 2074 1182 2138 deambulantem
1207 2095 1264 2156 per
1286 2078 1412 2137 vestem

361 2173 638 2257 apprehendisset,
662 2176 711 2239 ait
733 2197 766 2239 se
797 2198 855 2260 per
877 2176 995 2240 merita
1016 2176 1104 2240 beati
1129 2175 1262 2238 Thomae
1286 2174 1411 2238 Cantu-

355 2274 434 2339 ariae
456 2276 660 2340 mundatum.
707 2276 887 2361 Episcopus
910 2300 987 2341 vero
1010 2277 1120 2341 subito
1141 2276 1411 2340 transformatum

355 2394 423 2437 non
460 2398 645 2461 agnoscens,
678 2398 849 2461 personam
882 2384 915 2441 et
953 2399 1071 2441 nomen
1104 2377 1292 2461 interrogat.
1350 2375 1410 2439 Ille

356 2496 476 2541 nomen
499 2478 607 2555 edicit,
631 2478 808 2563 eademque
833 2479 1040 2561 responsione
1063 2499 1234 2562 personam
1258 2477 1410 2541 determi-

356 2582 424 2651 nat,
448 2578 619 2661 stupidum
642 2578 781 2642 reddens
811 2600 909 2662 quern
940 2578 1164 2662 compellabat.
1212 2578 1321 2663 Igitur
1343 2578 1411 2661 epi-

355 2698 479 2763 ecopus,
496 2685 652 2743 eventum
675 2681 721 2743 rei
738 2681 952 2757 considerans,
969 2686 1003 2743 et
1026 2679 1279 2743 diuturnitatem
1297 2678 1409 2753 morbi,

355 2780 414 2865 qui
445 2802 505 2865 per
536 2782 706 2845 biennium
737 2782 931 2857 invaluerat,
964 2781 1122 2846 consultis
1153 2782 1295 2855 medicis,
1323 2786 1410 2865 post-

354 2902 454 2967 quam
477 2884 630 2947 sanitatis
653 2884 741 2947 illius
764 2883 979 2948 assertoribus
1008 2888 1043 2947 et
1063 2883 1214 2947 fidelibus
1237 2883 1339 2948 oeulis
1362 2904 1410 2947 re-

355 2982 476 3070 fiagari
511 3007 579 3049 non
617 2986 734 3069 potuit,
770 2985 936 3069 abjectum
970 2986 1006 3047 in
1040 2985 1158 3049 curtim
1198 2985 1338 3049 coenobii
1376 2990 1411 3049 et

356 3086 545 3151 convictum
568 3085 757 3169 popularem
789 3085 975 3163 revocavit;
1006 3106 1104 3169 quern
1135 3092 1170 3148 et
1192 3106 1300 3149 seeum
1324 3084 1410 3167 pari-

353 3192 413 3262 ter,
445 3188 487 3250 ad
520 3186 669 3250 tumbam
701 3186 857 3269 rnartyris
891 3186 1027 3249 veniens
1058 3190 1196 3261 oratum,
1229 3185 1408 3248 videndum

352 3286 513 3351 exhibuit.

621 3512 700 3598 (53.)
724 3512 771 3577 De
794 3513 919 3599 leproso
942 3510 1146 3577 erlolceoeatc.

185 3680 300 3735 william
308 3688 339 3735 οἳ
399 3685 624 3750 Adolesoentis
646 3686 804 3750 Willelmi
831 3686 938 3749 Droco
968 3690 1063 3769 pater·
1085 3683 1157 3759 fuit,
1182 3684 1290 3767 patria
1318 3684 1408 3748 Neu·

183 3748 319 3868 fflfflfn
353 3788 442 3867 stria,
458 3788 548 3853 locus
563 3788 751 3852 nativitatis
770 3787 1039 3872 Ar·gentornium;
1062 3786 1117 3871 qui
1142 3788 1290 3849 nondum
1313 3786 1407 3869 plene

185 3880 295 3951 ¹⁰P¹⁰⁸5·
352 3890 535 3973 pubertatis
569 3890 709 3973 implens
740 3910 844 3953 annos
878 3890 1011 3973 planam
1042 3889 1077 3951 iu
1101 3889 1182 3952 faeie
1218 3888 1407 3969 caterisque

350 3992 505 4053 membris
528 3991 626 4074 leprae
649 3992 874 4075 contagionem
903 3990 1135 4073 praetendebat.
1183 3988 1295 4050 Facies
1319 3987 1406 4048 enim

351 4090 487 4166 decolor,
511 4092 642 4156 nodosae
664 4114 789 4168 manus,
813 4091 966 4155 ulcerosa·¹
990 4091 1088 4163 tibiae,
1117 4088 1225 4150 virurrr
1250 4086 1406 4150 dehones-

351 4194 476 4272 tabant,
501 4194 632 4277 suisquo
654 4193 844 4259 conviventi
867 4191 1055 4257 concivibus
1076 4197 1110 4253 et
1133 4189 1307 4251 dimidium
1324 4194 1406 4251 tem-

350 4297 439 4381 poris
461 4296 665 4361 inridebant.
714 4294 818 4379 Cujus
834 4315 907 4358 eum
925 4293 995 4376 jam
1013 4290 1287 4355 cohabitat-ionerrr
1306 4302 1406 4376 pater,

350 4402 385 4463 et
408 4399 517 4485 patria
547 4398 739 4463 formidaret
769 4402 946 4480 aspectum,
970 4393 1089 4457 civitas
1120 4399 1228 4457 ortum
1256 4393 1407 4457 dissimu-

350 4500 443 4577 laret,
466 4500 596 4586 fugiens
619 4500 674 4564 ille
697 4520 752 4564 eos
775 4496 894 4581 quibus
917 4517 1070 4561 onerosus
1093 4503 1171 4574 erat,
1195 4496 1278 4559 rrrari
1301 4502 1415 4559 trans!

352 4604 452 4669 misso
474 4604 570 4669 venit
601 4604 646 4669 ad
679 4600 935 4667 misericordiam
969 4600 1132 4685 martyris.
1189 4598 1285 4665 Circa
1311 4620 1408 4681 quern
