<?xml version="1.0" encoding="UTF-8"?>
<!DOCTYPE html PUBLIC "-//W3C//DTD XHTML 1.0 Transitional//EN"
    "http://www.w3.org/TR/xhtml1/DTD/xhtml1-transitional.dtd">
<html xmlns="http://www.w3.org/1999/xhtml" xml:lang="en" lang="en">
 <head>
  <title>
</title>
<meta http-equiv="Content-Type" content="text/html;charset=utf-8" />
  <meta name='ocr-system' content='tesseract 3.04.00' />
  <meta name='ocr-capabilities' content='ocr_page ocr_carea ocr_par ocr_line ocrx_word'/>
</head>
<body>
  <div class='ocr_page' id='page_1' title='image "./materialsforhis01robegoog_0471.png"; bbox 0 0 3316 6240; ppageno 0'>
   <div class='ocr_carea' id='block_1_1' title="bbox 370 744 1421 827">
    <p class='ocr_par' dir='ltr' id='par_1_1' title="bbox 370 744 1421 827">
     <span class='ocr_line' id='line_1_1' title="bbox 370 744 1421 827; baseline 0.001 -20"><span class='ocrx_word' id='word_1_1' title='bbox 370 746 434 807; x_wconf 70' lang='lat'>424</span> <span class='ocrx_word' id='word_1_2' title='bbox 703 760 881 808; x_wconf 73' lang='lat' dir='ltr'>urimenus</span> <span class='ocrx_word' id='word_1_3' title='bbox 905 763 928 807; x_wconf 91' lang='lat' dir='ltr'>s.</span> <span class='ocrx_word' id='word_1_4' title='bbox 953 761 1090 819; x_wconf 75' lang='lat' dir='ltr'>racina,</span> <span class='ocrx_word' id='word_1_5' title='bbox 1281 744 1358 827; x_wconf 81' lang='lat' dir='ltr'>[mn.</span> <span class='ocrx_word' id='word_1_6' title='bbox 1375 761 1421 808; x_wconf 92' lang='lat' dir='ltr'>v1.</span> 
     </span>
    </p>
   </div>
   <div class='ocr_carea' id='block_1_2' title="bbox 203 942 1423 1134">
    <p class='ocr_par' dir='ltr' id='par_1_2' title="bbox 203 942 1423 1134">
     <span class='ocr_line' id='line_1_2' title="bbox 205 942 1423 1030; baseline -0.006 -18"><span class='ocrx_word' id='word_1_7' title='bbox 205 952 329 1029; x_wconf 66' lang='lat' dir='ltr'>Durham,</span> <span class='ocrx_word' id='word_1_8' title='bbox 372 945 479 1028; x_wconf 89' lang='lat' dir='ltr'>opili0,</span> <span class='ocrx_word' id='word_1_9' title='bbox 503 945 553 1008; x_wconf 89' lang='lat' dir='ltr'>cui</span> <span class='ocrx_word' id='word_1_10' title='bbox 580 945 614 1008; x_wconf 91' lang='lat' dir='ltr'>in</span> <span class='ocrx_word' id='word_1_11' title='bbox 631 945 738 1009; x_wconf 90' lang='lat' dir='ltr'>medio</span> <span class='ocrx_word' id='word_1_12' title='bbox 754 945 868 1030; x_wconf 80' lang='lat' dir='ltr'><strong>digito,</strong></span> <span class='ocrx_word' id='word_1_13' title='bbox 885 944 941 1029; x_wconf 93' lang='lat' dir='ltr'>qui</span> <span class='ocrx_word' id='word_1_14' title='bbox 965 944 1093 1029; x_wconf 82' lang='lat' dir='ltr'>longior</span> <span class='ocrx_word' id='word_1_15' title='bbox 1115 949 1166 1008; x_wconf 88' lang='lat' dir='ltr'>cst</span> <span class='ocrx_word' id='word_1_16' title='bbox 1188 943 1270 1019; x_wconf 90' lang='lat' dir='ltr'>aliis,</span> <span class='ocrx_word' id='word_1_17' title='bbox 1293 942 1423 1006; x_wconf 92' lang='lat' dir='ltr'>modica</span> 
     </span>
     <span class='ocr_line' id='line_1_3' title="bbox 203 1020 1421 1134; baseline -0.006 -21"><span class='ocrx_word' id='word_1_18' title='bbox 203 1020 299 1134; x_wconf 44' lang='lat' dir='ltr'>pgpqg</span> <span class='ocrx_word' id='word_1_19' title='bbox 372 1046 496 1130; x_wconf 86' lang='lat' dir='ltr'>pupula</span> <span class='ocrx_word' id='word_1_20' title='bbox 530 1047 683 1122; x_wconf 82' lang='lat' dir='ltr'>excrevit,</span> <span class='ocrx_word' id='word_1_21' title='bbox 717 1069 790 1131; x_wconf 67' lang='lat' dir='ltr'>quse</span> <span class='ocrx_word' id='word_1_22' title='bbox 829 1070 871 1110; x_wconf 86' lang='lat' dir='ltr'>cx</span> <span class='ocrx_word' id='word_1_23' title='bbox 909 1048 979 1131; x_wconf 85' lang='lat' dir='ltr'>ipso</span> <span class='ocrx_word' id='word_1_24' title='bbox 1011 1053 1146 1131; x_wconf 86' lang='lat' dir='ltr'>aspectu</span> <span class='ocrx_word' id='word_1_25' title='bbox 1183 1046 1267 1108; x_wconf 88' lang='lat' dir='ltr'>nihil</span> <span class='ocrx_word' id='word_1_26' title='bbox 1302 1043 1421 1108; x_wconf 86' lang='lat' dir='ltr'>minari</span> 
     </span>
    </p>
   </div>
   <div class='ocr_carea' id='block_1_3' title="bbox 202 1146 1500 3970">
    <p class='ocr_par' dir='ltr' id='par_1_3' title="bbox 205 1146 1421 1233">
     <span class='ocr_line' id='line_1_4' title="bbox 205 1146 1421 1233; baseline -0.006 -19"><span class='ocrx_word' id='word_1_27' title='bbox 205 1150 330 1228; x_wconf 60' lang='lat' dir='ltr'>flpsssrbr</span> <span class='ocrx_word' id='word_1_28' title='bbox 371 1148 554 1223; x_wconf 86' lang='lat' dir='ltr'>videbatur,</span> <span class='ocrx_word' id='word_1_29' title='bbox 570 1154 605 1212; x_wconf 93' lang='lat' dir='ltr'>ct</span> <span class='ocrx_word' id='word_1_30' title='bbox 627 1149 789 1212; x_wconf 73' lang='lat' dir='ltr'>contemni</span> <span class='ocrx_word' id='word_1_31' title='bbox 815 1154 945 1233; x_wconf 86' lang='lat' dir='ltr'>poterat</span> <span class='ocrx_word' id='word_1_32' title='bbox 960 1170 1002 1212; x_wconf 84' lang='lat' dir='ltr'>cx</span> <span class='ocrx_word' id='word_1_33' title='bbox 1025 1149 1075 1211; x_wconf 89' lang='lat' dir='ltr'>sui</span> <span class='ocrx_word' id='word_1_34' title='bbox 1099 1148 1272 1232; x_wconf 86' lang='lat' dir='ltr'>parvitate.</span> <span class='ocrx_word' id='word_1_35' title='bbox 1319 1146 1421 1209; x_wconf 87' lang='lat' dir='ltr'>Totus</span> 
     </span>
    </p>

    <p class='ocr_par' dir='ltr' id='par_1_4' title="bbox 206 1216 1419 1335">
     <span class='ocr_line' id='line_1_5' title="bbox 206 1216 1419 1335; baseline -0.003 -22"><span class='ocrx_word' id='word_1_36' title='bbox 206 1216 335 1331; x_wconf 49' lang='lat' dir='ltr'>fimi,</span> <span class='ocrx_word' id='word_1_37' title='bbox 372 1266 483 1313; x_wconf 84' lang='lat' dir='ltr'>tamen</span> <span class='ocrx_word' id='word_1_38' title='bbox 522 1250 598 1314; x_wconf 90' lang='lat' dir='ltr'>inde</span> <span class='ocrx_word' id='word_1_39' title='bbox 632 1250 756 1335; x_wconf 77' lang='lat' dir='ltr'>digitus</span> <span class='ocrx_word' id='word_1_40' title='bbox 794 1256 828 1314; x_wconf 89' lang='lat' dir='ltr'>et</span> <span class='ocrx_word' id='word_1_41' title='bbox 875 1272 991 1313; x_wconf 87' lang='lat' dir='ltr'>manus</span> <span class='ocrx_word' id='word_1_42' title='bbox 1029 1250 1206 1314; x_wconf 83' lang='lat' dir='ltr'>enormiter</span> <span class='ocrx_word' id='word_1_43' title='bbox 1249 1247 1419 1311; x_wconf 77' lang='lat' dir='ltr'>intumuit.</span> 
     </span>
    </p>

    <p class='ocr_par' dir='ltr' id='par_1_5' title="bbox 204 1346 1420 1464">
     <span class='ocr_line' id='line_1_6' title="bbox 204 1346 1420 1464; baseline -0.003 -49"><span class='ocrx_word' id='word_1_44' title='bbox 204 1346 339 1464; x_wconf 51' lang='grc' dir='ltr'>ὒξῐὲξθξέῐ</span> <span class='ocrx_word' id='word_1_45' title='bbox 373 1350 470 1430; x_wconf 86' lang='lat' dir='ltr'>Quod</span> <span class='ocrx_word' id='word_1_46' title='bbox 493 1352 643 1416; x_wconf 88' lang='lat' dir='ltr'>videntes</span> <span class='ocrx_word' id='word_1_47' title='bbox 666 1352 833 1416; x_wconf 80' lang='lat' dir='ltr'>domestici</span> <span class='ocrx_word' id='word_1_48' title='bbox 859 1352 930 1435; x_wconf 87' lang='lat' dir='ltr'>ejus</span> <span class='ocrx_word' id='word_1_49' title='bbox 953 1351 1095 1436; x_wconf 85' lang='lat' dir='ltr'>digitum</span> <span class='ocrx_word' id='word_1_50' title='bbox 1119 1351 1195 1415; x_wconf 91' lang='lat' dir='ltr'>hinc</span> <span class='ocrx_word' id='word_1_51' title='bbox 1219 1350 1296 1413; x_wconf 90' lang='lat' dir='ltr'>inde</span> <span class='ocrx_word' id='word_1_52' title='bbox 1319 1349 1420 1414; x_wconf 87' lang='lat' dir='ltr'>scide-</span> 
     </span>
    </p>

    <p class='ocr_par' dir='ltr' id='par_1_6' title="bbox 206 1429 1420 1544">
     <span class='ocr_line' id='line_1_7' title="bbox 206 1429 1420 1544; baseline -0.004 -27"><span class='ocrx_word' id='word_1_53' title='bbox 206 1429 301 1544; x_wconf 57' lang='lat' dir='ltr'>ivuryin</span> <span class='ocrx_word' id='word_1_54' title='bbox 326 1430 350 1463; x_wconf 85' lang='lat' dir='ltr'>r·</span> <span class='ocrx_word' id='word_1_55' title='bbox 373 1459 459 1529; x_wconf 88' lang='lat' dir='ltr'>runt,</span> <span class='ocrx_word' id='word_1_56' title='bbox 483 1459 517 1517; x_wconf 90' lang='lat' dir='ltr'>ct</span> <span class='ocrx_word' id='word_1_57' title='bbox 550 1454 657 1518; x_wconf 90' lang='lat' dir='ltr'>sanies</span> <span class='ocrx_word' id='word_1_58' title='bbox 695 1454 827 1538; x_wconf 91' lang='lat' dir='ltr'>quidem</span> <span class='ocrx_word' id='word_1_59' title='bbox 859 1453 995 1518; x_wconf 80' lang='lat' dir='ltr'>effluxit.</span> <span class='ocrx_word' id='word_1_60' title='bbox 1043 1452 1109 1517; x_wconf 87' lang='lat' dir='ltr'>Sed</span> <span class='ocrx_word' id='word_1_61' title='bbox 1141 1452 1227 1515; x_wconf 82' lang='lat' dir='ltr'>infra</span> <span class='ocrx_word' id='word_1_62' title='bbox 1257 1451 1420 1515; x_wconf 91' lang='lat' dir='ltr'>modicum</span> 
     </span>
    </p>

    <p class='ocr_par' dir='ltr' id='par_1_7' title="bbox 373 1553 1422 1641">
     <span class='ocr_line' id='line_1_8' title="bbox 373 1553 1422 1641; baseline -0.005 -22"><span class='ocrx_word' id='word_1_63' title='bbox 373 1556 498 1641; x_wconf 81' lang='lat' dir='ltr'>digitus</span> <span class='ocrx_word' id='word_1_64' title='bbox 521 1557 659 1632; x_wconf 79' lang='lat' dir='ltr'>exaruit,</span> <span class='ocrx_word' id='word_1_65' title='bbox 683 1562 718 1619; x_wconf 90' lang='lat' dir='ltr'>et</span> <span class='ocrx_word' id='word_1_66' title='bbox 748 1555 866 1619; x_wconf 92' lang='lat' dir='ltr'>humor</span> <span class='ocrx_word' id='word_1_67' title='bbox 896 1556 1001 1619; x_wconf 90' lang='lat' dir='ltr'>omnis</span> <span class='ocrx_word' id='word_1_68' title='bbox 1036 1555 1180 1631; x_wconf 71' lang='lat' dir='ltr'>evanuit,</span> <span class='ocrx_word' id='word_1_69' title='bbox 1214 1553 1422 1637; x_wconf 76' lang='lat' dir='ltr'>resolutaque</span> 
     </span>
    </p>

    <p class='ocr_par' dir='ltr' id='par_1_8' title="bbox 372 1656 1421 1747">
     <span class='ocr_line' id='line_1_9' title="bbox 372 1656 1421 1747; baseline -0.006 -26"><span class='ocrx_word' id='word_1_70' title='bbox 372 1678 468 1721; x_wconf 87' lang='lat' dir='ltr'>camo</span> <span class='ocrx_word' id='word_1_71' title='bbox 491 1679 565 1747; x_wconf 86' lang='lat' dir='ltr'>cum</span> <span class='ocrx_word' id='word_1_72' title='bbox 587 1658 672 1742; x_wconf 90' lang='lat' dir='ltr'>pelle</span> <span class='ocrx_word' id='word_1_73' title='bbox 694 1657 839 1721; x_wconf 90' lang='lat' dir='ltr'>medium</span> <span class='ocrx_word' id='word_1_74' title='bbox 856 1679 898 1729; x_wconf 88' lang='lat' dir='ltr'>os</span> <span class='ocrx_word' id='word_1_75' title='bbox 920 1663 1019 1741; x_wconf 89' lang='lat' dir='ltr'>rupto</span> <span class='ocrx_word' id='word_1_76' title='bbox 1042 1656 1164 1721; x_wconf 86' lang='lat' dir='ltr'>foedera</span> <span class='ocrx_word' id='word_1_77' title='bbox 1189 1656 1421 1741; x_wconf 86' lang='lat' dir='ltr'>juncturamm</span> 
     </span>
    </p>

    <p class='ocr_par' dir='ltr' id='par_1_9' title="bbox 372 1755 1420 1841">
     <span class='ocr_line' id='line_1_10' title="bbox 372 1755 1420 1841; baseline -0.004 -19"><span class='ocrx_word' id='word_1_78' title='bbox 372 1757 504 1833; x_wconf 84' lang='lat' dir='ltr'>excidit,</span> <span class='ocrx_word' id='word_1_79' title='bbox 527 1779 594 1821; x_wconf 91' lang='lat' dir='ltr'>non</span> <span class='ocrx_word' id='word_1_80' title='bbox 617 1757 741 1823; x_wconf 87' lang='lat' dir='ltr'>habens</span> <span class='ocrx_word' id='word_1_81' title='bbox 765 1758 818 1821; x_wconf 93' lang='lat' dir='ltr'>cui</span> <span class='ocrx_word' id='word_1_82' title='bbox 841 1758 928 1821; x_wconf 88' lang='lat' dir='ltr'>ultro</span> <span class='ocrx_word' id='word_1_83' title='bbox 945 1758 1090 1841; x_wconf 90' lang='lat' dir='ltr'>citroque</span> <span class='ocrx_word' id='word_1_84' title='bbox 1106 1756 1290 1822; x_wconf 68' lang='lat' dir='ltr'>cohaereret.</span> <span class='ocrx_word' id='word_1_85' title='bbox 1336 1755 1420 1819; x_wconf 91' lang='lat' dir='ltr'>Ner-</span> 
     </span>
    </p>

    <p class='ocr_par' dir='ltr' id='par_1_10' title="bbox 373 1856 1420 1943">
     <span class='ocr_line' id='line_1_11' title="bbox 373 1856 1420 1943; baseline -0.003 -22"><span class='ocrx_word' id='word_1_86' title='bbox 373 1879 435 1921; x_wconf 93' lang='lat' dir='ltr'>vus</span> <span class='ocrx_word' id='word_1_87' title='bbox 458 1879 544 1934; x_wconf 89' lang='lat' dir='ltr'>vero,</span> <span class='ocrx_word' id='word_1_88' title='bbox 568 1859 626 1943; x_wconf 93' lang='lat' dir='ltr'>qui</span> <span class='ocrx_word' id='word_1_89' title='bbox 649 1859 713 1922; x_wconf 88' lang='lat' dir='ltr'>ossi</span> <span class='ocrx_word' id='word_1_90' title='bbox 737 1859 871 1922; x_wconf 81' lang='lat' dir='ltr'>suberat</span> <span class='ocrx_word' id='word_1_91' title='bbox 894 1864 929 1922; x_wconf 89' lang='lat' dir='ltr'>et</span> <span class='ocrx_word' id='word_1_92' title='bbox 943 1857 1152 1943; x_wconf 87' lang='lat' dir='ltr'>putredinem</span> <span class='ocrx_word' id='word_1_93' title='bbox 1168 1861 1325 1932; x_wconf 88' lang='lat' dir='ltr'>evaserat,</span> <span class='ocrx_word' id='word_1_94' title='bbox 1341 1856 1420 1919; x_wconf 87' lang='lat' dir='ltr'>arti-</span> 
     </span>
    </p>

    <p class='ocr_par' dir='ltr' id='par_1_11' title="bbox 372 1957 1419 2046">
     <span class='ocr_line' id='line_1_12' title="bbox 372 1957 1419 2046; baseline -0.003 -23"><span class='ocrx_word' id='word_1_95' title='bbox 372 1959 482 2023; x_wconf 89' lang='lat' dir='ltr'>culum</span> <span class='ocrx_word' id='word_1_96' title='bbox 506 1960 559 2024; x_wconf 90' lang='lat' dir='ltr'>cui</span> <span class='ocrx_word' id='word_1_97' title='bbox 581 1959 702 2046; x_wconf 88' lang='lat' dir='ltr'>unguis</span> <span class='ocrx_word' id='word_1_98' title='bbox 725 1960 908 2025; x_wconf 66' lang='lat' dir='ltr'>inhaerebat</span> <span class='ocrx_word' id='word_1_99' title='bbox 923 1960 958 2023; x_wconf 91' lang='lat' dir='ltr'>in</span> <span class='ocrx_word' id='word_1_100' title='bbox 981 1959 1065 2024; x_wconf 83' lang='lat' dir='ltr'>volae</span> <span class='ocrx_word' id='word_1_101' title='bbox 1088 1959 1211 2021; x_wconf 91' lang='lat' dir='ltr'>vulnus</span> <span class='ocrx_word' id='word_1_102' title='bbox 1226 1957 1419 2023; x_wconf 83' lang='lat' dir='ltr'>declinabat.</span> 
     </span>
    </p>

    <p class='ocr_par' dir='ltr' id='par_1_12' title="bbox 373 2059 1421 2146">
     <span class='ocr_line' id='line_1_13' title="bbox 373 2059 1421 2146; baseline -0.003 -22"><span class='ocrx_word' id='word_1_103' title='bbox 373 2060 470 2140; x_wconf 85' lang='lat' dir='ltr'>Quod</span> <span class='ocrx_word' id='word_1_104' title='bbox 492 2061 609 2125; x_wconf 89' lang='lat' dir='ltr'>videns</span> <span class='ocrx_word' id='word_1_105' title='bbox 631 2066 738 2125; x_wconf 88' lang='lat' dir='ltr'>mater</span> <span class='ocrx_word' id='word_1_106' title='bbox 760 2062 861 2146; x_wconf 89' lang='lat' dir='ltr'>pueri,</span> <span class='ocrx_word' id='word_1_107' title='bbox 878 2083 977 2146; x_wconf 91' lang='lat' dir='ltr'>super</span> <span class='ocrx_word' id='word_1_108' title='bbox 999 2061 1047 2124; x_wconf 89' lang='lat' dir='ltr'>rei</span> <span class='ocrx_word' id='word_1_109' title='bbox 1071 2066 1194 2125; x_wconf 89' lang='lat' dir='ltr'>eventu</span> <span class='ocrx_word' id='word_1_110' title='bbox 1218 2059 1421 2133; x_wconf 82' lang='lat' dir='ltr'>contristata,</span> 
     </span>
    </p>

    <p class='ocr_par' dir='ltr' id='par_1_13' title="bbox 372 2161 1421 2245">
     <span class='ocr_line' id='line_1_14' title="bbox 372 2161 1421 2245; baseline 0 -21"><span class='ocrx_word' id='word_1_111' title='bbox 372 2162 426 2226; x_wconf 89' lang='lat' dir='ltr'>vel</span> <span class='ocrx_word' id='word_1_112' title='bbox 456 2161 550 2227; x_wconf 88' lang='lat' dir='ltr'>filiali</span> <span class='ocrx_word' id='word_1_113' title='bbox 577 2163 752 2227; x_wconf 88' lang='lat' dir='ltr'>dilectione</span> <span class='ocrx_word' id='word_1_114' title='bbox 787 2163 993 2239; x_wconf 89' lang='lat' dir='ltr'>commonita,</span> <span class='ocrx_word' id='word_1_115' title='bbox 1016 2163 1071 2226; x_wconf 92' lang='lat' dir='ltr'>vel</span> <span class='ocrx_word' id='word_1_116' title='bbox 1105 2161 1232 2227; x_wconf 90' lang='lat' dir='ltr'>occulta</span> <span class='ocrx_word' id='word_1_117' title='bbox 1265 2161 1421 2245; x_wconf 87' lang='lat' dir='ltr'>martyris</span> 
     </span>
    </p>

    <p class='ocr_par' dir='ltr' id='par_1_14' title="bbox 342 2254 1421 2350">
     <span class='ocr_line' id='line_1_15' title="bbox 342 2254 1421 2350; baseline -0.001 -23"><span class='ocrx_word' id='word_1_118' title='bbox 342 2254 594 2349; x_wconf 67' lang='lat' dir='ltr'>&#39;inspiratione</span> <span class='ocrx_word' id='word_1_119' title='bbox 618 2287 654 2328; x_wconf 91' lang='lat' dir='ltr'>os</span> <span class='ocrx_word' id='word_1_120' title='bbox 685 2264 770 2328; x_wconf 91' lang='lat' dir='ltr'>illud</span> <span class='ocrx_word' id='word_1_121' title='bbox 803 2264 893 2350; x_wconf 89' lang='lat' dir='ltr'>apud</span> <span class='ocrx_word' id='word_1_122' title='bbox 927 2286 962 2328; x_wconf 91' lang='lat' dir='ltr'>se</span> <span class='ocrx_word' id='word_1_123' title='bbox 995 2286 1054 2348; x_wconf 91' lang='lat' dir='ltr'>per</span> <span class='ocrx_word' id='word_1_124' title='bbox 1088 2285 1213 2329; x_wconf 87' lang='lat' dir='ltr'>annum</span> <span class='ocrx_word' id='word_1_125' title='bbox 1244 2263 1280 2326; x_wconf 93' lang='lat' dir='ltr'>in</span> <span class='ocrx_word' id='word_1_126' title='bbox 1302 2262 1421 2326; x_wconf 84' lang='lat' dir='ltr'>scrinio</span> 
     </span>
    </p>

    <p class='ocr_par' dir='ltr' id='par_1_15' title="bbox 372 2366 1421 2451">
     <span class='ocr_line' id='line_1_16' title="bbox 372 2366 1421 2451; baseline 0 -23"><span class='ocrx_word' id='word_1_127' title='bbox 372 2386 432 2429; x_wconf 91' lang='lat' dir='ltr'>suo</span> <span class='ocrx_word' id='word_1_128' title='bbox 465 2366 655 2430; x_wconf 84' lang='lat' dir='ltr'>reservavit.</span> <span class='ocrx_word' id='word_1_129' title='bbox 703 2366 787 2431; x_wconf 85' lang='lat' dir='ltr'>Cum</span> <span class='ocrx_word' id='word_1_130' title='bbox 822 2371 933 2431; x_wconf 87' lang='lat' dir='ltr'>autem</span> <span class='ocrx_word' id='word_1_131' title='bbox 965 2366 1179 2451; x_wconf 81' lang='lat' dir='ltr'>praeteriisset</span> <span class='ocrx_word' id='word_1_132' title='bbox 1200 2386 1315 2440; x_wconf 88' lang='lat' dir='ltr'>annus,</span> <span class='ocrx_word' id='word_1_133' title='bbox 1339 2386 1421 2451; x_wconf 90' lang='lat' dir='ltr'>puer</span> 
     </span>
    </p>

    <p class='ocr_par' dir='ltr' id='par_1_16' title="bbox 372 2468 1500 2554">
     <span class='ocr_line' id='line_1_17' title="bbox 372 2468 1500 2554; baseline -0.001 -23"><span class='ocrx_word' id='word_1_134' title='bbox 372 2489 526 2531; x_wconf 89' lang='lat' dir='ltr'>accensus</span> <span class='ocrx_word' id='word_1_135' title='bbox 548 2468 709 2532; x_wconf 88' lang='lat' dir='ltr'>desiderio</span> <span class='ocrx_word' id='word_1_136' title='bbox 743 2468 973 2554; x_wconf 88' lang='lat' dir='ltr'>peregrinandi</span> <span class='ocrx_word' id='word_1_137' title='bbox 1009 2489 1079 2532; x_wconf 88' lang='lat' dir='ltr'>osse</span> <span class='ocrx_word' id='word_1_138' title='bbox 1111 2489 1220 2532; x_wconf 89' lang='lat' dir='ltr'>secum</span> <span class='ocrx_word' id='word_1_139' title='bbox 1252 2472 1421 2551; x_wconf 88' lang='lat' dir='ltr'>assumpto</span> <span class='ocrx_word' id='word_1_140' title='bbox 1494 2537 1500 2545; x_wconf 32' lang='lat'><strong>¹</strong></span> 
     </span>
    </p>

    <p class='ocr_par' dir='ltr' id='par_1_17' title="bbox 371 2568 1420 2654">
     <span class='ocr_line' id='line_1_18' title="bbox 371 2568 1420 2654; baseline 0 -23"><span class='ocrx_word' id='word_1_141' title='bbox 371 2568 488 2633; x_wconf 90' lang='lat' dir='ltr'>limina</span> <span class='ocrx_word' id='word_1_142' title='bbox 520 2569 650 2633; x_wconf 91' lang='lat' dir='ltr'>mirifici</span> <span class='ocrx_word' id='word_1_143' title='bbox 689 2570 845 2654; x_wconf 87' lang='lat' dir='ltr'>martyris</span> <span class='ocrx_word' id='word_1_144' title='bbox 884 2569 1045 2634; x_wconf 86' lang='lat' dir='ltr'>visitavit.</span> <span class='ocrx_word' id='word_1_145' title='bbox 1107 2569 1203 2649; x_wconf 86' lang='lat' dir='ltr'>Quod</span> <span class='ocrx_word' id='word_1_146' title='bbox 1242 2574 1276 2632; x_wconf 88' lang='lat' dir='ltr'>et</span> <span class='ocrx_word' id='word_1_147' title='bbox 1314 2569 1420 2632; x_wconf 90' lang='lat' dir='ltr'>eidem</span> 
     </span>
    </p>

    <p class='ocr_par' dir='ltr' id='par_1_18' title="bbox 371 2670 1421 2756">
     <span class='ocr_line' id='line_1_19' title="bbox 371 2670 1421 2756; baseline 0.001 -23"><span class='ocrx_word' id='word_1_148' title='bbox 371 2670 510 2753; x_wconf 87' lang='lat' dir='ltr'>martyri</span> <span class='ocrx_word' id='word_1_149' title='bbox 542 2670 682 2755; x_wconf 87' lang='lat' dir='ltr'>simplex</span> <span class='ocrx_word' id='word_1_150' title='bbox 720 2671 849 2747; x_wconf 90' lang='lat' dir='ltr'>obtulit,</span> <span class='ocrx_word' id='word_1_151' title='bbox 889 2671 1102 2756; x_wconf 90' lang='lat' dir='ltr'>proculdubio</span> <span class='ocrx_word' id='word_1_152' title='bbox 1135 2672 1171 2733; x_wconf 90' lang='lat' dir='ltr'>in</span> <span class='ocrx_word' id='word_1_153' title='bbox 1209 2670 1421 2755; x_wconf 78' lang='lat' dir='ltr'>simplicitate</span> 
     </span>
    </p>

    <p class='ocr_par' dir='ltr' id='par_1_19' title="bbox 372 2770 1421 2857">
     <span class='ocr_line' id='line_1_20' title="bbox 372 2770 1421 2857; baseline 0.001 -24"><span class='ocrx_word' id='word_1_154' title='bbox 372 2770 489 2855; x_wconf 83' lang='lat' dir='ltr'>puerili</span> <span class='ocrx_word' id='word_1_155' title='bbox 524 2770 663 2835; x_wconf 82' lang='lat' dir='ltr'>scienter</span> <span class='ocrx_word' id='word_1_156' title='bbox 696 2771 824 2836; x_wconf 90' lang='lat' dir='ltr'>nescius</span> <span class='ocrx_word' id='word_1_157' title='bbox 855 2778 890 2836; x_wconf 90' lang='lat' dir='ltr'>et</span> <span class='ocrx_word' id='word_1_158' title='bbox 923 2773 1087 2857; x_wconf 85' lang='lat' dir='ltr'>sapienter</span> <span class='ocrx_word' id='word_1_159' title='bbox 1118 2771 1276 2836; x_wconf 86' lang='lat' dir='ltr'>indoctus.</span> <span class='ocrx_word' id='word_1_160' title='bbox 1332 2771 1421 2834; x_wconf 89' lang='lat' dir='ltr'>Nam</span> 
     </span>
    </p>

    <p class='ocr_par' dir='ltr' id='par_1_20' title="bbox 371 2872 1421 2958">
     <span class='ocr_line' id='line_1_21' title="bbox 371 2872 1421 2958; baseline 0 -23"><span class='ocrx_word' id='word_1_161' title='bbox 371 2876 529 2956; x_wconf 89' lang='lat' dir='ltr'>tanquam</span> <span class='ocrx_word' id='word_1_162' title='bbox 567 2893 654 2948; x_wconf 88' lang='lat' dir='ltr'>voce,</span> <span class='ocrx_word' id='word_1_163' title='bbox 687 2894 821 2937; x_wconf 90' lang='lat' dir='ltr'>munere</span> <span class='ocrx_word' id='word_1_164' title='bbox 859 2873 1071 2958; x_wconf 88' lang='lat' dir='ltr'>loquebatur:</span> <span class='ocrx_word' id='word_1_165' title='bbox 1108 2872 1216 2938; x_wconf 83' lang='lat' dir='ltr'>“Haec</span> <span class='ocrx_word' id='word_1_166' title='bbox 1256 2879 1307 2937; x_wconf 88' lang='lat' dir='ltr'>est</span> <span class='ocrx_word' id='word_1_167' title='bbox 1337 2873 1421 2936; x_wconf 93' lang='lat' dir='ltr'>mihi</span> 
     </span>
    </p>

    <p class='ocr_par' dir='ltr' id='par_1_21' title="bbox 373 2973 1420 3060">
     <span class='ocr_line' id='line_1_22' title="bbox 373 2973 1420 3060; baseline 0 -23"><span class='ocrx_word' id='word_1_168' title='bbox 373 2980 389 3005; x_wconf 90' lang='lat'><strong>“</strong></span> <span class='ocrx_word' id='word_1_169' title='bbox 412 2994 510 3037; x_wconf 84' lang='lat' dir='ltr'>causa</span> <span class='ocrx_word' id='word_1_170' title='bbox 533 2973 670 3052; x_wconf 87' lang='lat' dir='ltr'>doloris;</span> <span class='ocrx_word' id='word_1_171' title='bbox 704 2973 774 3039; x_wconf 86' lang='lat' dir='ltr'>haec</span> <span class='ocrx_word' id='word_1_172' title='bbox 809 2979 859 3038; x_wconf 90' lang='lat' dir='ltr'>est</span> <span class='ocrx_word' id='word_1_173' title='bbox 886 2995 996 3039; x_wconf 86' lang='lat' dir='ltr'>causa.</span> <span class='ocrx_word' id='word_1_174' title='bbox 1013 2974 1285 3060; x_wconf 83' lang='lat' dir='ltr'>peregrinationis</span> <span class='ocrx_word' id='word_1_175' title='bbox 1308 2980 1344 3038; x_wconf 89' lang='lat' dir='ltr'>et</span> <span class='ocrx_word' id='word_1_176' title='bbox 1372 2974 1420 3053; x_wconf 76' lang='lat' dir='ltr'>le,-</span> 
     </span>
    </p>

    <p class='ocr_par' dir='ltr' id='par_1_22' title="bbox 281 3068 1419 3162">
     <span class='ocr_line' id='line_1_23' title="bbox 281 3068 1419 3162; baseline 0.001 -25"><span class='ocrx_word' id='word_1_177' title='bbox 281 3068 285 3078; x_wconf 79' lang='lat'>&#39;</span> <span class='ocrx_word' id='word_1_178' title='bbox 373 3081 389 3106; x_wconf 78' lang='lat'>‘⁶</span> <span class='ocrx_word' id='word_1_179' title='bbox 411 3074 506 3138; x_wconf 87' lang='lat' dir='ltr'>boris.</span> <span class='ocrx_word' id='word_1_180' title='bbox 552 3075 664 3139; x_wconf 89' lang='lat' dir='ltr'>Minus</span> <span class='ocrx_word' id='word_1_181' title='bbox 687 3097 753 3139; x_wconf 93' lang='lat' dir='ltr'>uno</span> <span class='ocrx_word' id='word_1_182' title='bbox 785 3076 948 3160; x_wconf 70' lang='lat' dir='ltr'>perfectus</span> <span class='ocrx_word' id='word_1_183' title='bbox 971 3076 1118 3153; x_wconf 82' lang='lat' dir='ltr'>articulo,</span> <span class='ocrx_word' id='word_1_184' title='bbox 1142 3097 1254 3162; x_wconf 91' lang='lat' dir='ltr'>precor</span> <span class='ocrx_word' id='word_1_185' title='bbox 1277 3076 1313 3138; x_wconf 92' lang='lat' dir='ltr'>in</span> <span class='ocrx_word' id='word_1_186' title='bbox 1336 3076 1419 3139; x_wconf 89' lang='lat' dir='ltr'>inte-</span> 
     </span>
    </p>

    <p class='ocr_par' dir='ltr' id='par_1_23' title="bbox 203 3176 1420 3362">
     <span class='ocr_line' id='line_1_24' title="bbox 203 3176 1420 3362; baseline 0.001 -21"><span class='ocrx_word' id='word_1_187' title='bbox 203 3183 509 3348; x_wconf 41' lang='lat' dir='ltr'>aaudiat</span> <span class='ocrx_word' id='word_1_188' title='bbox 531 3176 1420 3362; x_wconf 47' lang='lat' dir='ltr'>r⁶⁸llt³·&#39;&#39;.lthillhlllthfflthlt</span> 
     </span>
     <span class='ocr_line' id='line_1_25' title="bbox 273 3314 1209 3354; baseline -0.001 1"><span class='ocrx_word' id='word_1_189' title='bbox 273 3314 285 3348; x_wconf 68' lang='grc' dir='ltr'><strong><em>Β</em></strong></span> <span class='ocrx_word' id='word_1_190' title='bbox 362 3337 366 3343; x_wconf 86' lang='grc'><em>·</em></span> <span class='ocrx_word' id='word_1_191' title='bbox 511 3328 516 3340; x_wconf 87' lang='grc'><em>·</em></span> <span class='ocrx_word' id='word_1_192' title='bbox 859 3329 866 3354; x_wconf 81' lang='lat' dir='ltr'>r</span> <span class='ocrx_word' id='word_1_193' title='bbox 1202 3329 1209 3354; x_wconf 77' lang='lat'><em>2</em></span> 
     </span>
    </p>

    <p class='ocr_par' dir='ltr' id='par_1_24' title="bbox 202 3314 1417 3463">
     <span class='ocr_line' id='line_1_26' title="bbox 202 3314 1417 3463; baseline 0 -22"><span class='ocrx_word' id='word_1_194' title='bbox 202 3314 333 3415; x_wconf 66' lang='lat' dir='ltr'>lichena</span> <span class='ocrx_word' id='word_1_195' title='bbox 372 3378 576 3443; x_wconf 90' lang='lat' dir='ltr'>ramusculus</span> <span class='ocrx_word' id='word_1_196' title='bbox 614 3377 700 3443; x_wconf 86' lang='lat' dir='ltr'>foliis</span> <span class='ocrx_word' id='word_1_197' title='bbox 738 3379 806 3442; x_wconf 88' lang='lat' dir='ltr'>suis</span> <span class='ocrx_word' id='word_1_198' title='bbox 855 3380 972 3456; x_wconf 89' lang='lat' dir='ltr'>exutis,</span> <span class='ocrx_word' id='word_1_199' title='bbox 1011 3380 1069 3463; x_wconf 90' lang='lat' dir='ltr'>qui</span> <span class='ocrx_word' id='word_1_200' title='bbox 1107 3401 1183 3443; x_wconf 88' lang='lat' dir='ltr'>vere</span> <span class='ocrx_word' id='word_1_201' title='bbox 1232 3368 1417 3456; x_wconf 81' lang='lat' dir='ltr'>renovatur,</span> 
     </span>
    </p>

    <p class='ocr_par' dir='ltr' id='par_1_25' title="bbox 373 3479 1419 3565">
     <span class='ocr_line' id='line_1_27' title="bbox 373 3479 1419 3565; baseline 0 -22"><span class='ocrx_word' id='word_1_202' title='bbox 373 3479 497 3564; x_wconf 88' lang='lat' dir='ltr'>digitus</span> <span class='ocrx_word' id='word_1_203' title='bbox 528 3479 678 3542; x_wconf 87' lang='lat' dir='ltr'>infirmus</span> <span class='ocrx_word' id='word_1_204' title='bbox 709 3479 871 3565; x_wconf 90' lang='lat' dir='ltr'>pullulare</span> <span class='ocrx_word' id='word_1_205' title='bbox 893 3481 1001 3565; x_wconf 87' lang='lat' dir='ltr'>ooepit,</span> <span class='ocrx_word' id='word_1_206' title='bbox 1033 3486 1074 3556; x_wconf 88' lang='lat' dir='ltr'>ct,</span> <span class='ocrx_word' id='word_1_207' title='bbox 1098 3501 1193 3545; x_wconf 86' lang='lat' dir='ltr'>earne</span> <span class='ocrx_word' id='word_1_208' title='bbox 1225 3480 1322 3544; x_wconf 88' lang='lat' dir='ltr'>simul</span> <span class='ocrx_word' id='word_1_209' title='bbox 1345 3502 1419 3545; x_wconf 93' lang='lat' dir='ltr'>cum</span> 
     </span>
    </p>

    <p class='ocr_par' dir='ltr' id='par_1_26' title="bbox 373 3581 1418 3667">
     <span class='ocr_line' id='line_1_28' title="bbox 373 3581 1418 3667; baseline 0 -22"><span class='ocrx_word' id='word_1_210' title='bbox 373 3602 444 3645; x_wconf 90' lang='lat' dir='ltr'>osse</span> <span class='ocrx_word' id='word_1_211' title='bbox 467 3585 694 3657; x_wconf 85' lang='lat' dir='ltr'>succrescente,</span> <span class='ocrx_word' id='word_1_212' title='bbox 725 3581 825 3646; x_wconf 91' lang='lat' dir='ltr'>robur</span> <span class='ocrx_word' id='word_1_213' title='bbox 857 3588 892 3646; x_wconf 89' lang='lat' dir='ltr'>et</span> <span class='ocrx_word' id='word_1_214' title='bbox 913 3583 1050 3647; x_wconf 88' lang='lat' dir='ltr'>formam</span> <span class='ocrx_word' id='word_1_215' title='bbox 1081 3583 1263 3667; x_wconf 87' lang='lat' dir='ltr'>pristinam,</span> <span class='ocrx_word' id='word_1_216' title='bbox 1286 3588 1418 3667; x_wconf 68' lang='lat' dir='ltr'>prseter-</span> 
     </span>
    </p>

    <p class='ocr_par' dir='ltr' id='par_1_27' title="bbox 374 3683 1418 3769">
     <span class='ocr_line' id='line_1_29' title="bbox 374 3683 1418 3769; baseline 0.001 -23"><span class='ocrx_word' id='word_1_217' title='bbox 374 3705 472 3768; x_wconf 89' lang='lat' dir='ltr'>quam</span> <span class='ocrx_word' id='word_1_218' title='bbox 511 3684 547 3747; x_wconf 93' lang='lat' dir='ltr'>in</span> <span class='ocrx_word' id='word_1_219' title='bbox 565 3683 798 3769; x_wconf 72' lang='lat' dir='ltr'>‚longitudine</span> <span class='ocrx_word' id='word_1_220' title='bbox 838 3685 968 3769; x_wconf 88' lang='lat' dir='ltr'>recepit.</span> <span class='ocrx_word' id='word_1_221' title='bbox 1014 3685 1114 3749; x_wconf 90' lang='lat' dir='ltr'>Hunc</span> <span class='ocrx_word' id='word_1_222' title='bbox 1147 3685 1234 3749; x_wconf 93' lang='lat' dir='ltr'>cnim</span> <span class='ocrx_word' id='word_1_223' title='bbox 1268 3685 1418 3769; x_wconf 88' lang='lat' dir='ltr'>digitum,</span> 
     </span>
    </p>

    <p class='ocr_par' dir='ltr' id='par_1_28' title="bbox 373 3784 1419 3871">
     <span class='ocr_line' id='line_1_30' title="bbox 373 3784 1419 3871; baseline 0 -23"><span class='ocrx_word' id='word_1_224' title='bbox 373 3806 470 3869; x_wconf 91' lang='lat' dir='ltr'>quem</span> <span class='ocrx_word' id='word_1_225' title='bbox 492 3784 671 3871; x_wconf 91' lang='lat' dir='ltr'>longiorem</span> <span class='ocrx_word' id='word_1_226' title='bbox 695 3785 768 3848; x_wconf 89' lang='lat' dir='ltr'>aliis</span> <span class='ocrx_word' id='word_1_227' title='bbox 791 3791 911 3849; x_wconf 86' lang='lat' dir='ltr'>natura</span> <span class='ocrx_word' id='word_1_228' title='bbox 941 3785 1099 3869; x_wconf 83' lang='lat' dir='ltr'>producit,</span> <span class='ocrx_word' id='word_1_229' title='bbox 1123 3807 1233 3870; x_wconf 90' lang='lat' dir='ltr'>parem</span> <span class='ocrx_word' id='word_1_230' title='bbox 1257 3785 1293 3847; x_wconf 91' lang='lat' dir='ltr'>in</span> <span class='ocrx_word' id='word_1_231' title='bbox 1315 3785 1419 3869; x_wconf 90' lang='lat' dir='ltr'>longi-</span> 
     </span>
    </p>

    <p class='ocr_par' dir='ltr' id='par_1_29' title="bbox 373 3885 1420 3970">
     <span class='ocr_line' id='line_1_31' title="bbox 373 3885 1420 3970; baseline 0 -21"><span class='ocrx_word' id='word_1_232' title='bbox 373 3885 488 3949; x_wconf 90' lang='lat' dir='ltr'>tudine</span> <span class='ocrx_word' id='word_1_233' title='bbox 510 3885 636 3950; x_wconf 88' lang='lat' dir='ltr'>Divina</span> <span class='ocrx_word' id='word_1_234' title='bbox 658 3886 809 3970; x_wconf 87' lang='lat' dir='ltr'>potentia</span> <span class='ocrx_word' id='word_1_235' title='bbox 830 3886 1040 3965; x_wconf 87' lang='lat' dir='ltr'>reformavit;</span> <span class='ocrx_word' id='word_1_236' title='bbox 1062 3886 1171 3951; x_wconf 83' lang='lat' dir='ltr'>forsan</span> <span class='ocrx_word' id='word_1_237' title='bbox 1203 3892 1241 3950; x_wconf 93' lang='lat' dir='ltr'>ut</span> <span class='ocrx_word' id='word_1_238' title='bbox 1263 3886 1420 3951; x_wconf 87' lang='lat' dir='ltr'>miraculo</span> 
     </span>
    </p>
   </div>
   <div class='ocr_carea' id='block_1_4' title="bbox 371 3986 995 4072">
    <p class='ocr_par' dir='ltr' id='par_1_30' title="bbox 371 3986 995 4072">
     <span class='ocr_line' id='line_1_32' title="bbox 371 3986 995 4072; baseline -0.003 -22"><span class='ocrx_word' id='word_1_239' title='bbox 371 3986 597 4051; x_wconf 89' lang='lat' dir='ltr'>testimonium</span> <span class='ocrx_word' id='word_1_240' title='bbox 621 3986 807 4072; x_wconf 88' lang='lat' dir='ltr'>perhiberet</span> <span class='ocrx_word' id='word_1_241' title='bbox 830 3986 995 4051; x_wconf 89' lang='lat' dir='ltr'>indicium.</span> 
     </span>
    </p>
   </div>
   <div class='ocr_carea' id='block_1_5' title="bbox 403 4237 1385 4407">
    <p class='ocr_par' dir='ltr' id='par_1_31' title="bbox 403 4237 1385 4407">
     <span class='ocr_line' id='line_1_33' title="bbox 403 4237 1385 4326; baseline -0.003 -21"><span class='ocrx_word' id='word_1_242' title='bbox 403 4241 483 4326; x_wconf 84' lang='lat'>(13.)</span> <span class='ocrx_word' id='word_1_243' title='bbox 507 4240 555 4305; x_wconf 86' lang='lat' dir='ltr'>Dc</span> <span class='ocrx_word' id='word_1_244' title='bbox 577 4238 693 4305; x_wconf 69' lang='lat' dir='ltr'>clerico</span> <span class='ocrx_word' id='word_1_245' title='bbox 716 4246 833 4304; x_wconf 80' lang='lat' dir='ltr'>curato</span> <span class='ocrx_word' id='word_1_246' title='bbox 856 4238 916 4304; x_wconf 80' lang='lat' dir='ltr'>eui</span> <span class='ocrx_word' id='word_1_247' title='bbox 936 4246 1070 4325; x_wconf 75' lang='lat' dir='ltr'>nmrtpr</span> <span class='ocrx_word' id='word_1_248' title='bbox 1096 4239 1239 4305; x_wconf 80' lang='lat' dir='ltr'>Thomas</span> <span class='ocrx_word' id='word_1_249' title='bbox 1261 4237 1385 4305; x_wconf 64' lang='lat' dir='ltr'>cicilio</span> 
     </span>
     <span class='ocr_line' id='line_1_34' title="bbox 816 4341 971 4407; baseline 0.006 -2"><span class='ocrx_word' id='word_1_250' title='bbox 816 4341 971 4407; x_wconf 80' lang='lat' dir='ltr'>restituit.</span> 
     </span>
    </p>
   </div>
   <div class='ocr_carea' id='block_1_6' title="bbox 204 4494 1420 4580">
    <p class='ocr_par' dir='ltr' id='par_1_32' title="bbox 204 4494 1420 4580">
     <span class='ocr_line' id='line_1_35' title="bbox 204 4494 1420 4580; baseline -0.002 -21"><span class='ocrx_word' id='word_1_251' title='bbox 204 4508 350 4568; x_wconf 59' lang='lat' dir='ltr'>Thomas</span> <span class='ocrx_word' id='word_1_252' title='bbox 416 4498 558 4577; x_wconf 85' lang='lat' dir='ltr'>Quidam</span> <span class='ocrx_word' id='word_1_253' title='bbox 582 4494 777 4580; x_wconf 85' lang='lat' dir='ltr'>Radulphus</span> <span class='ocrx_word' id='word_1_254' title='bbox 811 4495 952 4567; x_wconf 90' lang='lat' dir='ltr'>nomine,</span> <span class='ocrx_word' id='word_1_255' title='bbox 975 4517 1042 4559; x_wconf 91' lang='lat' dir='ltr'>non</span> <span class='ocrx_word' id='word_1_256' title='bbox 1073 4495 1219 4579; x_wconf 89' lang='lat' dir='ltr'>poenitus</span> <span class='ocrx_word' id='word_1_257' title='bbox 1242 4494 1298 4558; x_wconf 90' lang='lat' dir='ltr'>sed</span> <span class='ocrx_word' id='word_1_258' title='bbox 1322 4515 1420 4578; x_wconf 88' lang='lat' dir='ltr'>poene</span> 
     </span>
    </p>
   </div>
   <div class='ocr_carea' id='block_1_7' title="bbox 203 4576 1419 4707">
    <p class='ocr_par' dir='ltr' id='par_1_33' title="bbox 203 4576 1419 4707">
     <span class='ocr_line' id='line_1_36' title="bbox 203 4576 1419 4707; baseline 0.001 -51"><span class='ocrx_word' id='word_1_259' title='bbox 203 4576 307 4707; x_wconf 50' lang='lat' dir='ltr'>m}</span> <span class='ocrx_word' id='word_1_260' title='bbox 372 4599 472 4671; x_wconf 76' lang='lat' dir='ltr'>miles</span> <span class='ocrx_word' id='word_1_261' title='bbox 496 4605 530 4662; x_wconf 90' lang='lat' dir='ltr'>et</span> <span class='ocrx_word' id='word_1_262' title='bbox 552 4619 683 4683; x_wconf 83' lang='lat' dir='ltr'>prorsus</span> <span class='ocrx_word' id='word_1_263' title='bbox 706 4597 747 4662; x_wconf 90' lang='lat' dir='ltr'>ad</span> <span class='ocrx_word' id='word_1_264' title='bbox 778 4597 917 4683; x_wconf 84' lang='lat' dir='ltr'>gradum</span> <span class='ocrx_word' id='word_1_265' title='bbox 950 4595 1232 4681; x_wconf 87' lang='lat' dir='ltr'>privilegiatorum</span> <span class='ocrx_word' id='word_1_266' title='bbox 1255 4616 1322 4658; x_wconf 92' lang='lat' dir='ltr'>non</span> <span class='ocrx_word' id='word_1_267' title='bbox 1346 4616 1419 4678; x_wconf 91' lang='lat' dir='ltr'>per·</span> 
     </span>
    </p>
   </div>
   <div class='ocr_carea' id='block_1_8' title="bbox 0 0 1662 6240">
    <p class='ocr_par' dir='ltr' id='par_1_34' title="bbox 0 0 1662 6240">
     <span class='ocr_line' id='line_1_37' title="bbox 0 0 1662 6240; baseline 0 0"><span class='ocrx_word' id='word_1_268' title='bbox 0 0 1662 6240; x_wconf 95' lang='lat' dir='ltr'> </span> 
     </span>
    </p>
   </div>
  </div>
 </body>
</html>
