<?xml version="1.0" encoding="UTF-8"?>
<!DOCTYPE html PUBLIC "-//W3C//DTD XHTML 1.0 Transitional//EN"
    "http://www.w3.org/TR/xhtml1/DTD/xhtml1-transitional.dtd">
<html xmlns="http://www.w3.org/1999/xhtml" xml:lang="en" lang="en">
 <head>
  <title>
</title>
<meta http-equiv="Content-Type" content="text/html;charset=utf-8" />
  <meta name='ocr-system' content='tesseract 3.04.00' />
  <meta name='ocr-capabilities' content='ocr_page ocr_carea ocr_par ocr_line ocrx_word'/>
</head>
<body>
  <div class='ocr_page' id='page_1' title='image "./materialsforhis01robegoog_0331.png"; bbox 0 0 3316 6240; ppageno 0'>
   <div class='ocr_carea' id='block_1_1' title="bbox 392 773 1442 859">
    <p class='ocr_par' dir='ltr' id='par_1_1' title="bbox 392 773 1442 859">
     <span class='ocr_line' id='line_1_1' title="bbox 392 773 1442 859; baseline 0.004 -24"><span class='ocrx_word' id='word_1_1' title='bbox 392 773 457 835; x_wconf 81' lang='lat'>284</span> <span class='ocrx_word' id='word_1_2' title='bbox 725 788 904 837; x_wconf 72' lang='lat' dir='ltr'>ameum</span> <span class='ocrx_word' id='word_1_3' title='bbox 927 790 951 837; x_wconf 88' lang='grc'>3.</span> <span class='ocrx_word' id='word_1_4' title='bbox 976 788 1113 851; x_wconf 73' lang='lat' dir='ltr'>raone,</span> <span class='ocrx_word' id='word_1_5' title='bbox 1296 777 1374 859; x_wconf 79' lang='lat' dir='ltr'>[nra.</span> <span class='ocrx_word' id='word_1_6' title='bbox 1391 792 1442 848; x_wconf 83' lang='lat'>111,</span> 
     </span>
    </p>
   </div>
   <div class='ocr_carea' id='block_1_2' title="bbox 388 971 1441 2273">
    <p class='ocr_par' dir='ltr' id='par_1_2' title="bbox 388 971 1441 2273">
     <span class='ocr_line' id='line_1_2' title="bbox 392 971 1441 1060; baseline 0.007 -26"><span class='ocrx_word' id='word_1_7' title='bbox 392 980 408 1005; x_wconf 91' lang='grc'>“</span> <span class='ocrx_word' id='word_1_8' title='bbox 431 971 511 1036; x_wconf 88' lang='lat' dir='ltr'>mite</span> <span class='ocrx_word' id='word_1_9' title='bbox 534 977 592 1035; x_wconf 88' lang='lat' dir='ltr'>tue</span> <span class='ocrx_word' id='word_1_10' title='bbox 616 972 769 1037; x_wconf 83' lang='lat' dir='ltr'>exhibere</span> <span class='ocrx_word' id='word_1_11' title='bbox 792 974 1032 1036; x_wconf 84' lang='lat' dir='ltr'>monumento.&#39;&#39;</span> <span class='ocrx_word' id='word_1_12' title='bbox 1078 974 1234 1038; x_wconf 86' lang='lat' dir='ltr'>Attendit</span> <span class='ocrx_word' id='word_1_13' title='bbox 1256 976 1331 1059; x_wconf 85' lang='lat' dir='ltr'>pius</span> <span class='ocrx_word' id='word_1_14' title='bbox 1347 984 1441 1060; x_wconf 87' lang='lat' dir='ltr'>pater</span> 
     </span>
     <span class='ocr_line' id='line_1_3' title="bbox 389 1073 1439 1162; baseline 0.006 -27"><span class='ocrx_word' id='word_1_15' title='bbox 389 1073 462 1157; x_wconf 86' lang='lat' dir='ltr'>pios</span> <span class='ocrx_word' id='word_1_16' title='bbox 483 1078 519 1137; x_wconf 86' lang='lat' dir='ltr'>et</span> <span class='ocrx_word' id='word_1_17' title='bbox 540 1080 693 1157; x_wconf 86' lang='lat' dir='ltr'>paternos</span> <span class='ocrx_word' id='word_1_18' title='bbox 715 1074 859 1149; x_wconf 84' lang='lat' dir='ltr'>affectus,</span> <span class='ocrx_word' id='word_1_19' title='bbox 875 1074 966 1138; x_wconf 89' lang='lat' dir='ltr'>etad</span> <span class='ocrx_word' id='word_1_20' title='bbox 991 1096 1127 1138; x_wconf 88' lang='lat' dir='ltr'>munera</span> <span class='ocrx_word' id='word_1_21' title='bbox 1149 1076 1265 1141; x_wconf 86' lang='lat' dir='ltr'>votiva</span> <span class='ocrx_word' id='word_1_22' title='bbox 1286 1079 1439 1162; x_wconf 78' lang='lat' dir='ltr'><strong>respexit,</strong></span> 
     </span>
     <span class='ocr_line' id='line_1_4' title="bbox 391 1175 1438 1261; baseline 0.005 -24"><span class='ocrx_word' id='word_1_23' title='bbox 391 1175 469 1260; x_wconf 87' lang='lat' dir='ltr'>quia</span> <span class='ocrx_word' id='word_1_24' title='bbox 499 1175 635 1239; x_wconf 78' lang='lat' dir='ltr'><strong>voventi</strong></span> <span class='ocrx_word' id='word_1_25' title='bbox 669 1175 842 1260; x_wconf 85' lang='lat' dir='ltr'>profutura</span> <span class='ocrx_word' id='word_1_26' title='bbox 873 1176 1035 1261; x_wconf 76' lang='lat' dir='ltr'>cognovit.</span> <span class='ocrx_word' id='word_1_27' title='bbox 1082 1176 1297 1241; x_wconf 82' lang='lat' dir='ltr'>Advenerant</span> <span class='ocrx_word' id='word_1_28' title='bbox 1327 1188 1438 1243; x_wconf 88' lang='lat' dir='ltr'>antem</span> 
     </span>
     <span class='ocr_line' id='line_1_5' title="bbox 389 1275 1441 1364; baseline 0.005 -25"><span class='ocrx_word' id='word_1_29' title='bbox 389 1297 486 1340; x_wconf 87' lang='lat' dir='ltr'>mane</span> <span class='ocrx_word' id='word_1_30' title='bbox 523 1275 731 1361; x_wconf 77' lang='lat' dir='ltr'>pollinctores</span> <span class='ocrx_word' id='word_1_31' title='bbox 769 1277 826 1360; x_wconf 83' lang='lat' dir='ltr'>qui</span> <span class='ocrx_word' id='word_1_32' title='bbox 860 1277 959 1340; x_wconf 86' lang='lat' dir='ltr'>funus</span> <span class='ocrx_word' id='word_1_33' title='bbox 999 1277 1158 1341; x_wconf 85' lang='lat' dir='ltr'>efferrent.</span> <span class='ocrx_word' id='word_1_34' title='bbox 1205 1278 1327 1343; x_wconf 89' lang='lat' dir='ltr'>Verum</span> <span class='ocrx_word' id='word_1_35' title='bbox 1359 1302 1441 1364; x_wconf 88' lang='lat' dir='ltr'>puer</span> 
     </span>
     <span class='ocr_line' id='line_1_6' title="bbox 389 1377 1440 1463; baseline 0.006 -24"><span class='ocrx_word' id='word_1_36' title='bbox 389 1382 465 1462; x_wconf 86' lang='lat' dir='ltr'>post</span> <span class='ocrx_word' id='word_1_37' title='bbox 486 1381 601 1441; x_wconf 86' lang='lat' dir='ltr'>votum</span> <span class='ocrx_word' id='word_1_38' title='bbox 624 1377 760 1454; x_wconf 73' lang='lat' dir='ltr'>cibatus</span> <span class='ocrx_word' id='word_1_39' title='bbox 784 1384 818 1441; x_wconf 89' lang='lat' dir='ltr'>et</span> <span class='ocrx_word' id='word_1_40' title='bbox 840 1379 1011 1463; x_wconf 85' lang='lat' dir='ltr'>repentina</span> <span class='ocrx_word' id='word_1_41' title='bbox 1034 1379 1139 1443; x_wconf 87' lang='lat' dir='ltr'>salute</span> <span class='ocrx_word' id='word_1_42' title='bbox 1163 1380 1342 1457; x_wconf 88' lang='lat' dir='ltr'>roboratus,</span> <span class='ocrx_word' id='word_1_43' title='bbox 1358 1381 1440 1446; x_wconf 86' lang='lat' dir='ltr'>adeo</span> 
     </span>
     <span class='ocr_line' id='line_1_7' title="bbox 389 1479 1437 1565; baseline 0.005 -23"><span class='ocrx_word' id='word_1_44' title='bbox 389 1479 527 1565; x_wconf 75' lang='lat' dir='ltr'><strong>profecit</strong></span> <span class='ocrx_word' id='word_1_45' title='bbox 549 1484 589 1543; x_wconf 92' lang='lat' dir='ltr'>ut</span> <span class='ocrx_word' id='word_1_46' title='bbox 611 1479 663 1543; x_wconf 91' lang='lat' dir='ltr'>die</span> <span class='ocrx_word' id='word_1_47' title='bbox 685 1486 841 1563; x_wconf 85' lang='lat' dir='ltr'>sequente</span> <span class='ocrx_word' id='word_1_48' title='bbox 868 1480 979 1565; x_wconf 86' lang='lat' dir='ltr'>pneris</span> <span class='ocrx_word' id='word_1_49' title='bbox 1002 1480 1221 1564; x_wconf 69' lang='lat' dir='ltr'>coequalibus</span> <span class='ocrx_word' id='word_1_50' title='bbox 1252 1481 1437 1547; x_wconf 73' lang='lat' dir='ltr'><strong>colluderet.</strong></span> 
     </span>
     <span class='ocr_line' id='line_1_8' title="bbox 389 1580 1438 1668; baseline 0.002 -23"><span class='ocrx_word' id='word_1_51' title='bbox 389 1580 469 1645; x_wconf 89' lang='lat' dir='ltr'>Post</span> <span class='ocrx_word' id='word_1_52' title='bbox 509 1580 636 1666; x_wconf 90' lang='lat' dir='ltr'>aliquot</span> <span class='ocrx_word' id='word_1_53' title='bbox 665 1586 803 1665; x_wconf 89' lang='lat' dir='ltr'>tempus,</span> <span class='ocrx_word' id='word_1_54' title='bbox 827 1588 920 1665; x_wconf 88' lang='lat' dir='ltr'>patre</span> <span class='ocrx_word' id='word_1_55' title='bbox 950 1588 1066 1645; x_wconf 85' lang='lat' dir='ltr'>votum</span> <span class='ocrx_word' id='word_1_56' title='bbox 1097 1588 1321 1667; x_wconf 87' lang='lat' dir='ltr'>prosequente,</span> <span class='ocrx_word' id='word_1_57' title='bbox 1345 1584 1438 1668; x_wconf 82' lang='lat' dir='ltr'>pueri</span> 
     </span>
     <span class='ocr_line' id='line_1_9' title="bbox 388 1680 1438 1768; baseline 0.004 -23"><span class='ocrx_word' id='word_1_58' title='bbox 388 1680 547 1758; x_wconf 85' lang='lat' dir='ltr'>faucibus,</span> <span class='ocrx_word' id='word_1_59' title='bbox 571 1682 628 1766; x_wconf 89' lang='lat' dir='ltr'>qui</span> <span class='ocrx_word' id='word_1_60' title='bbox 658 1687 792 1768; x_wconf 88' lang='lat' dir='ltr'>propter</span> <span class='ocrx_word' id='word_1_61' title='bbox 821 1681 1048 1767; x_wconf 76' lang='lat' dir='ltr'>intemperiem</span> <span class='ocrx_word' id='word_1_62' title='bbox 1080 1682 1205 1746; x_wconf 77' lang='lat' dir='ltr'>brumae</span> <span class='ocrx_word' id='word_1_63' title='bbox 1235 1684 1323 1747; x_wconf 92' lang='lat' dir='ltr'>domi</span> <span class='ocrx_word' id='word_1_64' title='bbox 1355 1706 1438 1749; x_wconf 88' lang='lat' dir='ltr'>rese-</span> 
     </span>
     <span class='ocr_line' id='line_1_10' title="bbox 390 1784 1438 1869; baseline 0.004 -22"><span class='ocrx_word' id='word_1_65' title='bbox 390 1784 492 1861; x_wconf 86' lang='lat' dir='ltr'>derat,</span> <span class='ocrx_word' id='word_1_66' title='bbox 507 1784 677 1869; x_wconf 82' lang='lat' dir='ltr'>glandium</span> <span class='ocrx_word' id='word_1_67' title='bbox 701 1805 775 1848; x_wconf 89' lang='lat' dir='ltr'>cum</span> <span class='ocrx_word' id='word_1_68' title='bbox 799 1789 928 1849; x_wconf 89' lang='lat' dir='ltr'>tumore</span> <span class='ocrx_word' id='word_1_69' title='bbox 944 1786 1116 1862; x_wconf 86' lang='lat' dir='ltr'>succrevit,</span> <span class='ocrx_word' id='word_1_70' title='bbox 1133 1791 1167 1849; x_wconf 91' lang='lat' dir='ltr'>et</span> <span class='ocrx_word' id='word_1_71' title='bbox 1189 1786 1438 1851; x_wconf 75' lang='lat' dir='ltr'>decurrentibus</span> 
     </span>
     <span class='ocr_line' id='line_1_11' title="bbox 390 1884 1439 1972; baseline 0.004 -23"><span class='ocrx_word' id='word_1_72' title='bbox 390 1884 503 1949; x_wconf 86' lang='lat' dir='ltr'>salivis</span> <span class='ocrx_word' id='word_1_73' title='bbox 525 1884 634 1950; x_wconf 85' lang='lat' dir='ltr'>cibum</span> <span class='ocrx_word' id='word_1_74' title='bbox 656 1906 723 1949; x_wconf 91' lang='lat' dir='ltr'>non</span> <span class='ocrx_word' id='word_1_75' title='bbox 747 1885 904 1970; x_wconf 85' lang='lat' dir='ltr'>capiebat.</span> <span class='ocrx_word' id='word_1_76' title='bbox 953 1885 1048 1966; x_wconf 82' lang='lat' dir='ltr'>Quod</span> <span class='ocrx_word' id='word_1_77' title='bbox 1072 1908 1202 1951; x_wconf 84' lang='lat' dir='ltr'>reverso</span> <span class='ocrx_word' id='word_1_78' title='bbox 1225 1894 1319 1972; x_wconf 90' lang='lat' dir='ltr'>patro</span> <span class='ocrx_word' id='word_1_79' title='bbox 1343 1893 1439 1953; x_wconf 82' lang='lat' dir='ltr'>tenta</span> 
     </span>
     <span class='ocr_line' id='line_1_12' title="bbox 389 1984 1437 2071; baseline 0.002 -22"><span class='ocrx_word' id='word_1_80' title='bbox 389 1984 555 2049; x_wconf 83' lang='lat' dir='ltr'>eeleritate</span> <span class='ocrx_word' id='word_1_81' title='bbox 577 1990 659 2070; x_wconf 88' lang='lat' dir='ltr'>potu</span> <span class='ocrx_word' id='word_1_82' title='bbox 681 1985 821 2049; x_wconf 86' lang='lat' dir='ltr'>salubris</span> <span class='ocrx_word' id='word_1_83' title='bbox 836 2006 939 2071; x_wconf 85' lang='lat' dir='ltr'>aquae,</span> <span class='ocrx_word' id='word_1_84' title='bbox 959 2008 1033 2071; x_wconf 69' lang='lat' dir='ltr'>quae</span> <span class='ocrx_word' id='word_1_85' title='bbox 1056 1988 1217 2071; x_wconf 83' lang='lat' dir='ltr'>sanguine</span> <span class='ocrx_word' id='word_1_86' title='bbox 1243 1989 1437 2064; x_wconf 83' lang='lat' dir='ltr'>rubricatur,</span> 
     </span>
     <span class='ocr_line' id='line_1_13' title="bbox 389 2087 1438 2173; baseline 0.003 -21"><span class='ocrx_word' id='word_1_87' title='bbox 389 2088 534 2163; x_wconf 86' lang='lat' dir='ltr'>evanuit,</span> <span class='ocrx_word' id='word_1_88' title='bbox 557 2092 598 2152; x_wconf 89' lang='lat' dir='ltr'>ut</span> <span class='ocrx_word' id='word_1_89' title='bbox 620 2108 694 2151; x_wconf 87' lang='lat' dir='ltr'>cunr</span> <span class='ocrx_word' id='word_1_90' title='bbox 717 2087 884 2153; x_wconf 87' lang='lat' dir='ltr'>occidente</span> <span class='ocrx_word' id='word_1_91' title='bbox 916 2088 983 2153; x_wconf 88' lang='lat' dir='ltr'>sole</span> <span class='ocrx_word' id='word_1_92' title='bbox 1014 2088 1160 2173; x_wconf 75' lang='lat' dir='ltr'>ejusdem</span> <span class='ocrx_word' id='word_1_93' title='bbox 1191 2088 1257 2152; x_wconf 90' lang='lat' dir='ltr'>diei</span> <span class='ocrx_word' id='word_1_94' title='bbox 1289 2090 1381 2154; x_wconf 92' lang='lat' dir='ltr'>dolor</span> <span class='ocrx_word' id='word_1_95' title='bbox 1403 2097 1438 2156; x_wconf 91' lang='lat' dir='ltr'>et</span> 
     </span>
     <span class='ocr_line' id='line_1_14' title="bbox 389 2187 857 2273; baseline -0.002 -19"><span class='ocrx_word' id='word_1_96' title='bbox 389 2194 499 2254; x_wconf 88' lang='lat' dir='ltr'>tumor</span> <span class='ocrx_word' id='word_1_97' title='bbox 520 2188 644 2273; x_wconf 84' lang='lat' dir='ltr'>pariter</span> <span class='ocrx_word' id='word_1_98' title='bbox 666 2187 857 2253; x_wconf 88' lang='lat' dir='ltr'>occiderent.</span> 
     </span>
    </p>
   </div>
   <div class='ocr_carea' id='block_1_3' title="bbox 569 2428 1256 2515">
    <p class='ocr_par' dir='ltr' id='par_1_3' title="bbox 569 2428 1256 2515">
     <span class='ocr_line' id='line_1_15' title="bbox 569 2428 1256 2515; baseline 0.001 -21"><span class='ocrx_word' id='word_1_99' title='bbox 569 2430 648 2515; x_wconf 76' lang='lat'><strong>(27.)</strong></span> <span class='ocrx_word' id='word_1_100' title='bbox 677 2428 725 2497; x_wconf 85' lang='lat' dir='ltr'>De</span> <span class='ocrx_word' id='word_1_101' title='bbox 746 2430 856 2496; x_wconf 75' lang='lat' dir='ltr'>milite</span> <span class='ocrx_word' id='word_1_102' title='bbox 878 2429 1051 2497; x_wconf 79' lang='lat' dir='ltr'>deridente</span> <span class='ocrx_word' id='word_1_103' title='bbox 1074 2432 1256 2497; x_wconf 77' lang='lat' dir='ltr'>orarrulum.</span> 
     </span>
    </p>
   </div>
   <div class='ocr_carea' id='block_1_4' title="bbox 219 2599 1436 4617">
    <p class='ocr_par' dir='ltr' id='par_1_4' title="bbox 219 2599 1436 4617">
     <span class='ocr_line' id='line_1_16' title="bbox 221 2599 1436 2686; baseline -0.002 -17"><span class='ocrx_word' id='word_1_104' title='bbox 221 2618 351 2679; x_wconf 66' lang='lat' dir='ltr'>Robore·</span> <span class='ocrx_word' id='word_1_105' title='bbox 432 2602 595 2667; x_wconf 79' lang='lat' dir='ltr'>Robertus</span> <span class='ocrx_word' id='word_1_106' title='bbox 626 2600 768 2686; x_wconf 87' lang='lat' dir='ltr'>quidam,</span> <span class='ocrx_word' id='word_1_107' title='bbox 802 2599 981 2664; x_wconf 89' lang='lat' dir='ltr'>commilito</span> <span class='ocrx_word' id='word_1_108' title='bbox 1019 2600 1148 2664; x_wconf 90' lang='lat' dir='ltr'>comitis</span> <span class='ocrx_word' id='word_1_109' title='bbox 1179 2600 1370 2679; x_wconf 76' lang='lat' dir='ltr'>CestrensiS,</span> <span class='ocrx_word' id='word_1_110' title='bbox 1401 2603 1436 2666; x_wconf 94' lang='lat' dir='ltr'>in</span> 
     </span>
     <span class='ocr_line' id='line_1_17' title="bbox 221 2684 1436 2803; baseline -0.002 -33"><span class='ocrx_word' id='word_1_111' title='bbox 221 2684 376 2803; x_wconf 40' lang='lat' dir='ltr'>&amp;effigi</span> <span class='ocrx_word' id='word_1_112' title='bbox 387 2725 486 2770; x_wconf 90' lang='lat' dir='ltr'>aureo</span> <span class='ocrx_word' id='word_1_113' title='bbox 512 2704 635 2769; x_wconf 87' lang='lat' dir='ltr'>annulo</span> <span class='ocrx_word' id='word_1_114' title='bbox 665 2702 765 2786; x_wconf 88' lang='lat' dir='ltr'>hujus</span> <span class='ocrx_word' id='word_1_115' title='bbox 794 2702 899 2766; x_wconf 86' lang='lat' dir='ltr'>nostri</span> <span class='ocrx_word' id='word_1_116' title='bbox 931 2702 1086 2787; x_wconf 87' lang='lat' dir='ltr'>martyris</span> <span class='ocrx_word' id='word_1_117' title='bbox 1118 2702 1273 2787; x_wconf 84' lang='lat' dir='ltr'>reliquias</span> <span class='ocrx_word' id='word_1_118' title='bbox 1305 2726 1436 2789; x_wconf 88' lang='lat' dir='ltr'>reposu-</span> 
     </span>
     <span class='ocr_line' id='line_1_18' title="bbox 222 2804 1436 2889; baseline 0.002 -21"><span class='ocrx_word' id='word_1_119' title='bbox 222 2816 338 2879; x_wconf 73' lang='lat' dir='ltr'>chener,</span> <span class='ocrx_word' id='word_1_120' title='bbox 388 2811 459 2871; x_wconf 87' lang='lat' dir='ltr'>erat</span> <span class='ocrx_word' id='word_1_121' title='bbox 471 2830 479 2885; x_wconf 93' lang='lat'>;</span> <span class='ocrx_word' id='word_1_122' title='bbox 508 2805 655 2871; x_wconf 79' lang='lat' dir='ltr'>fortassis</span> <span class='ocrx_word' id='word_1_123' title='bbox 677 2805 752 2869; x_wconf 88' lang='lat' dir='ltr'>ideo</span> <span class='ocrx_word' id='word_1_124' title='bbox 775 2808 938 2888; x_wconf 86' lang='lat' dir='ltr'>quatenus</span> <span class='ocrx_word' id='word_1_125' title='bbox 960 2804 1049 2888; x_wconf 93' lang='lat' dir='ltr'>quod</span> <span class='ocrx_word' id='word_1_126' title='bbox 1072 2825 1140 2889; x_wconf 79' lang='lat' dir='ltr'>prae</span> <span class='ocrx_word' id='word_1_127' title='bbox 1162 2806 1314 2869; x_wconf 85' lang='lat' dir='ltr'>manibus</span> <span class='ocrx_word' id='word_1_128' title='bbox 1336 2806 1436 2871; x_wconf 87' lang='lat' dir='ltr'>habe-</span> 
     </span>
     <span class='ocr_line' id='line_1_19' title="bbox 220 2882 1435 3013; baseline -0.002 -39"><span class='ocrx_word' id='word_1_129' title='bbox 220 2882 350 3013; x_wconf 49' lang='lat' dir='ltr'>fflgm,</span> <span class='ocrx_word' id='word_1_130' title='bbox 387 2913 446 2985; x_wconf 89' lang='lat' dir='ltr'>ret,</span> <span class='ocrx_word' id='word_1_131' title='bbox 463 2930 505 2973; x_wconf 84' lang='lat' dir='ltr'>ex</span> <span class='ocrx_word' id='word_1_132' title='bbox 520 2908 591 2994; x_wconf 91' lang='lat' dir='ltr'>ipso</span> <span class='ocrx_word' id='word_1_133' title='bbox 614 2905 741 2971; x_wconf 91' lang='lat' dir='ltr'>intuitu</span> <span class='ocrx_word' id='word_1_134' title='bbox 764 2905 908 2970; x_wconf 85' lang='lat' dir='ltr'>crebrius</span> <span class='ocrx_word' id='word_1_135' title='bbox 930 2905 966 2967; x_wconf 91' lang='lat' dir='ltr'>in</span> <span class='ocrx_word' id='word_1_136' title='bbox 981 2912 1092 2969; x_wconf 87' lang='lat' dir='ltr'>mente</span> <span class='ocrx_word' id='word_1_137' title='bbox 1107 2911 1242 2970; x_wconf 86' lang='lat' dir='ltr'>teneret.</span> <span class='ocrx_word' id='word_1_138' title='bbox 1285 2907 1435 2986; x_wconf 82' lang='lat' dir='ltr'>Quadam</span> 
     </span>
     <span class='ocr_line' id='line_1_20' title="bbox 221 3005 1436 3089; baseline -0.005 -10"><span class='ocrx_word' id='word_1_139' title='bbox 221 3014 321 3079; x_wconf 68' lang='lat' dir='ltr'>mining</span> <span class='ocrx_word' id='word_1_140' title='bbox 387 3010 441 3075; x_wconf 90' lang='lat' dir='ltr'>hic</span> <span class='ocrx_word' id='word_1_141' title='bbox 467 3010 528 3086; x_wconf 90' lang='lat' dir='ltr'>die,</span> <span class='ocrx_word' id='word_1_142' title='bbox 553 3009 632 3074; x_wconf 91' lang='lat' dir='ltr'>dum</span> <span class='ocrx_word' id='word_1_143' title='bbox 665 3028 739 3073; x_wconf 89' lang='lat' dir='ltr'>cum</span> <span class='ocrx_word' id='word_1_144' title='bbox 771 3006 923 3071; x_wconf 77' lang='lat' dir='ltr'>clientela</span> <span class='ocrx_word' id='word_1_145' title='bbox 949 3006 1065 3069; x_wconf 90' lang='lat' dir='ltr'>domus</span> <span class='ocrx_word' id='word_1_146' title='bbox 1095 3005 1176 3070; x_wconf 85' lang='lat' dir='ltr'>hora</span> <span class='ocrx_word' id='word_1_147' title='bbox 1201 3007 1272 3089; x_wconf 85' lang='lat' dir='ltr'>jam</span> <span class='ocrx_word' id='word_1_148' title='bbox 1295 3008 1436 3073; x_wconf 75' lang='lat' dir='ltr'>tardiore</span> 
     </span>
     <span class='ocr_line' id='line_1_21' title="bbox 220 3080 1436 3199; baseline -0.001 -24"><span class='ocrx_word' id='word_1_149' title='bbox 220 3080 343 3199; x_wconf 51' lang='lat' dir='ltr'>{3⁶3⁰th</span> <span class='ocrx_word' id='word_1_150' title='bbox 387 3133 445 3197; x_wconf 93' lang='lat' dir='ltr'>pro</span> <span class='ocrx_word' id='word_1_151' title='bbox 464 3110 606 3196; x_wconf 88' lang='lat' dir='ltr'>juvenili</span> <span class='ocrx_word' id='word_1_152' title='bbox 629 3109 765 3173; x_wconf 84' lang='lat' dir='ltr'>levitate</span> <span class='ocrx_word' id='word_1_153' title='bbox 785 3114 972 3193; x_wconf 79' lang='lat' dir='ltr'>negaretur,</span> <span class='ocrx_word' id='word_1_154' title='bbox 989 3106 1118 3193; x_wconf 86' lang='lat' dir='ltr'>elapsus</span> <span class='ocrx_word' id='word_1_155' title='bbox 1133 3107 1276 3172; x_wconf 90' lang='lat' dir='ltr'>annulus</span> <span class='ocrx_word' id='word_1_156' title='bbox 1295 3130 1316 3172; x_wconf 87' lang='lat' dir='ltr'>a</span> <span class='ocrx_word' id='word_1_157' title='bbox 1331 3110 1436 3195; x_wconf 77' lang='lat' dir='ltr'>digito</span> 
     </span>
     <span class='ocr_line' id='line_1_22' title="bbox 219 3208 1436 3295; baseline -0.002 -18"><span class='ocrx_word' id='word_1_158' title='bbox 219 3228 283 3263; x_wconf 64' lang='grc' dir='ltr'>Μ·</span> <span class='ocrx_word' id='word_1_159' title='bbox 386 3212 562 3277; x_wconf 82' lang='lat' dir='ltr'>nescientis</span> <span class='ocrx_word' id='word_1_160' title='bbox 588 3231 751 3295; x_wconf 80' lang='lat' dir='ltr'>nusquam</span> <span class='ocrx_word' id='word_1_161' title='bbox 778 3208 968 3294; x_wconf 85' lang='lat' dir='ltr'>comparuit.</span> <span class='ocrx_word' id='word_1_162' title='bbox 1027 3208 1130 3292; x_wconf 81' lang='lat' dir='ltr'>Cujus</span> <span class='ocrx_word' id='word_1_163' title='bbox 1153 3230 1263 3273; x_wconf 85' lang='lat' dir='ltr'>casum</span> <span class='ocrx_word' id='word_1_164' title='bbox 1295 3231 1369 3274; x_wconf 84' lang='lat' dir='ltr'>curn</span> <span class='ocrx_word' id='word_1_165' title='bbox 1393 3212 1436 3275; x_wconf 88' lang='lat' dir='ltr'>ad</span> 
     </span>
     <span class='ocr_line' id='line_1_23' title="bbox 388 3309 1434 3399; baseline -0.002 -22"><span class='ocrx_word' id='word_1_166' title='bbox 388 3336 422 3377; x_wconf 86' lang='lat' dir='ltr'>se</span> <span class='ocrx_word' id='word_1_167' title='bbox 444 3332 593 3378; x_wconf 87' lang='lat' dir='ltr'>reversus</span> <span class='ocrx_word' id='word_1_168' title='bbox 622 3311 816 3385; x_wconf 78' lang='lat' dir='ltr'>adverteret,</span> <span class='ocrx_word' id='word_1_169' title='bbox 847 3309 978 3374; x_wconf 85' lang='lat' dir='ltr'>levitati</span> <span class='ocrx_word' id='word_1_170' title='bbox 1010 3330 1078 3373; x_wconf 87' lang='lat' dir='ltr'>suae</span> <span class='ocrx_word' id='word_1_171' title='bbox 1109 3330 1294 3375; x_wconf 89' lang='lat' dir='ltr'>succensere</span> <span class='ocrx_word' id='word_1_172' title='bbox 1326 3312 1434 3399; x_wconf 86' lang='lat' dir='ltr'>eoepit,</span> 
     </span>
     <span class='ocr_line' id='line_1_24' title="bbox 388 3411 1434 3500; baseline -0.001 -23"><span class='ocrx_word' id='word_1_173' title='bbox 388 3416 477 3500; x_wconf 89' lang='lat' dir='ltr'>quod</span> <span class='ocrx_word' id='word_1_174' title='bbox 491 3414 595 3478; x_wconf 87' lang='lat' dir='ltr'>tantis</span> <span class='ocrx_word' id='word_1_175' title='bbox 617 3434 780 3477; x_wconf 86' lang='lat' dir='ltr'>sacrorum</span> <span class='ocrx_word' id='word_1_176' title='bbox 803 3411 997 3497; x_wconf 80' lang='lat' dir='ltr'>pignoribus</span> <span class='ocrx_word' id='word_1_177' title='bbox 1012 3415 1155 3489; x_wconf 81' lang='lat' dir='ltr'>careret3</span> <span class='ocrx_word' id='word_1_178' title='bbox 1177 3412 1264 3495; x_wconf 91' lang='lat' dir='ltr'>qnod</span> <span class='ocrx_word' id='word_1_179' title='bbox 1287 3414 1434 3499; x_wconf 84' lang='lat' dir='ltr'>martyri,</span> 
     </span>
     <span class='ocr_line' id='line_1_25' title="bbox 388 3512 1433 3601; baseline -0.002 -20"><span class='ocrx_word' id='word_1_180' title='bbox 388 3538 486 3601; x_wconf 88' lang='lat' dir='ltr'>quern</span> <span class='ocrx_word' id='word_1_181' title='bbox 519 3520 713 3601; x_wconf 75' lang='lat' dir='ltr'>praesentem</span> <span class='ocrx_word' id='word_1_182' title='bbox 744 3513 888 3577; x_wconf 87' lang='lat' dir='ltr'>habebat</span> <span class='ocrx_word' id='word_1_183' title='bbox 917 3533 959 3576; x_wconf 88' lang='lat' dir='ltr'>ex</span> <span class='ocrx_word' id='word_1_184' title='bbox 986 3516 1088 3597; x_wconf 86' lang='lat' dir='ltr'>parte,</span> <span class='ocrx_word' id='word_1_185' title='bbox 1111 3512 1222 3575; x_wconf 86' lang='lat' dir='ltr'>minus</span> <span class='ocrx_word' id='word_1_186' title='bbox 1252 3514 1433 3579; x_wconf 83' lang='lat' dir='ltr'>detulisset</span> 
     </span>
     <span class='ocr_line' id='line_1_26' title="bbox 388 3606 1434 3701; baseline -0.004 -17"><span class='ocrx_word' id='word_1_187' title='bbox 388 3606 474 3685; x_wconf 81' lang='lat' dir='ltr'>Cum</span> <span class='ocrx_word' id='word_1_188' title='bbox 496 3624 617 3693; x_wconf 84' lang='lat' dir='ltr'>autem,</span> <span class='ocrx_word' id='word_1_189' title='bbox 640 3616 728 3701; x_wconf 91' lang='lat' dir='ltr'>quod</span> <span class='ocrx_word' id='word_1_190' title='bbox 759 3614 964 3700; x_wconf 85' lang='lat' dir='ltr'>potissimum</span> <span class='ocrx_word' id='word_1_191' title='bbox 991 3614 1164 3699; x_wconf 83' lang='lat' dir='ltr'>judicabat</span> <span class='ocrx_word' id='word_1_192' title='bbox 1193 3615 1230 3677; x_wconf 93' lang='lat' dir='ltr'>in</span> <span class='ocrx_word' id='word_1_193' title='bbox 1260 3636 1344 3689; x_wconf 82' lang='lat' dir='ltr'>cusu,</span> <span class='ocrx_word' id='word_1_194' title='bbox 1369 3617 1434 3680; x_wconf 91' lang='lat' dir='ltr'>dis·</span> 
     </span>
     <span class='ocr_line' id='line_1_27' title="bbox 387 3717 1435 3807; baseline -0.004 -21"><span class='ocrx_word' id='word_1_195' title='bbox 387 3721 546 3807; x_wconf 87' lang='lat' dir='ltr'>quirendo</span> <span class='ocrx_word' id='word_1_196' title='bbox 568 3720 676 3784; x_wconf 90' lang='lat' dir='ltr'>locum</span> <span class='ocrx_word' id='word_1_197' title='bbox 707 3739 772 3803; x_wconf 92' lang='lat' dir='ltr'>quo</span> <span class='ocrx_word' id='word_1_198' title='bbox 796 3718 953 3781; x_wconf 85' lang='lat' dir='ltr'>damnum</span> <span class='ocrx_word' id='word_1_199' title='bbox 985 3717 1167 3801; x_wconf 83' lang='lat' dir='ltr'>contigerat</span> <span class='ocrx_word' id='word_1_200' title='bbox 1197 3717 1376 3793; x_wconf 76' lang='lat' dir='ltr'>evertisset,</span> <span class='ocrx_word' id='word_1_201' title='bbox 1400 3740 1435 3783; x_wconf 92' lang='lat' dir='ltr'>re</span> 
     </span>
     <span class='ocr_line' id='line_1_28' title="bbox 386 3817 1435 3905; baseline -0.005 -16"><span class='ocrx_word' id='word_1_202' title='bbox 386 3823 564 3889; x_wconf 83' lang='lat' dir='ltr'>tiustratus</span> <span class='ocrx_word' id='word_1_203' title='bbox 591 3827 625 3886; x_wconf 90' lang='lat' dir='ltr'>et</span> <span class='ocrx_word' id='word_1_204' title='bbox 647 3843 712 3905; x_wconf 90' lang='lat' dir='ltr'>spe,</span> <span class='ocrx_word' id='word_1_205' title='bbox 736 3820 868 3884; x_wconf 88' lang='lat' dir='ltr'>domino</span> <span class='ocrx_word' id='word_1_206' title='bbox 891 3840 950 3882; x_wconf 89' lang='lat' dir='ltr'>suo</span> <span class='ocrx_word' id='word_1_207' title='bbox 973 3818 1086 3883; x_wconf 85' lang='lat' dir='ltr'>comiti</span> <span class='ocrx_word' id='word_1_208' title='bbox 1116 3817 1273 3881; x_wconf 88' lang='lat' dir='ltr'>damnum</span> <span class='ocrx_word' id='word_1_209' title='bbox 1305 3822 1435 3884; x_wconf 84' lang='lat' dir='ltr'>curavit</span> 
     </span>
     <span class='ocr_line' id='line_1_29' title="bbox 387 3920 1435 4004; baseline 0 -17"><span class='ocrx_word' id='word_1_210' title='bbox 387 3927 539 3993; x_wconf 82' lang='lat' dir='ltr'>indicare.</span> <span class='ocrx_word' id='word_1_211' title='bbox 599 3923 672 4004; x_wconf 78' lang='lat' dir='ltr'>Quo</span> <span class='ocrx_word' id='word_1_212' title='bbox 694 3921 866 3985; x_wconf 86' lang='lat' dir='ltr'>levitatem</span> <span class='ocrx_word' id='word_1_213' title='bbox 898 3920 1044 3984; x_wconf 89' lang='lat' dir='ltr'>ludentis</span> <span class='ocrx_word' id='word_1_214' title='bbox 1074 3925 1255 3994; x_wconf 83' lang='lat' dir='ltr'>accusante,</span> <span class='ocrx_word' id='word_1_215' title='bbox 1279 3923 1435 3987; x_wconf 81' lang='lat' dir='ltr'>convenit</span> 
     </span>
     <span class='ocr_line' id='line_1_30' title="bbox 387 4022 1433 4107; baseline -0.007 -14"><span class='ocrx_word' id='word_1_216' title='bbox 387 4028 559 4095; x_wconf 85' lang='lat' dir='ltr'>collusores</span> <span class='ocrx_word' id='word_1_217' title='bbox 575 4046 658 4101; x_wconf 88' lang='lat' dir='ltr'>suos,</span> <span class='ocrx_word' id='word_1_218' title='bbox 675 4023 795 4088; x_wconf 85' lang='lat' dir='ltr'>solidos</span> <span class='ocrx_word' id='word_1_219' title='bbox 817 4030 942 4107; x_wconf 89' lang='lat' dir='ltr'>septem</span> <span class='ocrx_word' id='word_1_220' title='bbox 958 4022 1129 4107; x_wconf 87' lang='lat' dir='ltr'>spondens,</span> <span class='ocrx_word' id='word_1_221' title='bbox 1145 4027 1180 4086; x_wconf 91' lang='lat' dir='ltr'>et</span> <span class='ocrx_word' id='word_1_222' title='bbox 1194 4024 1303 4106; x_wconf 87' lang='lat' dir='ltr'>ipsum</span> <span class='ocrx_word' id='word_1_223' title='bbox 1318 4024 1433 4088; x_wconf 87' lang='lat' dir='ltr'>annuli</span> 
     </span>
     <span class='ocr_line' id='line_1_31' title="bbox 386 4123 1433 4207; baseline -0.007 -13"><span class='ocrx_word' id='word_1_224' title='bbox 386 4129 565 4203; x_wconf 84' lang='lat' dir='ltr'>metallum,</span> <span class='ocrx_word' id='word_1_225' title='bbox 600 4126 628 4189; x_wconf 86' lang='lat' dir='ltr'>si</span> <span class='ocrx_word' id='word_1_226' title='bbox 661 4124 714 4188; x_wconf 89' lang='lat' dir='ltr'>vel</span> <span class='ocrx_word' id='word_1_227' title='bbox 753 4123 837 4187; x_wconf 90' lang='lat' dir='ltr'>solas</span> <span class='ocrx_word' id='word_1_228' title='bbox 875 4123 1030 4207; x_wconf 87' lang='lat' dir='ltr'>reliquias</span> <span class='ocrx_word' id='word_1_229' title='bbox 1068 4124 1209 4207; x_wconf 88' lang='lat' dir='ltr'>recipere</span> <span class='ocrx_word' id='word_1_230' title='bbox 1248 4129 1433 4187; x_wconf 88' lang='lat' dir='ltr'>mereretur.</span> 
     </span>
     <span class='ocr_line' id='line_1_32' title="bbox 388 4224 1434 4313; baseline -0.009 -16"><span class='ocrx_word' id='word_1_231' title='bbox 388 4231 454 4297; x_wconf 87' lang='lat' dir='ltr'>Sed</span> <span class='ocrx_word' id='word_1_232' title='bbox 476 4251 551 4296; x_wconf 91' lang='lat' dir='ltr'>eum</span> <span class='ocrx_word' id='word_1_233' title='bbox 574 4228 693 4313; x_wconf 89' lang='lat' dir='ltr'>perditi</span> <span class='ocrx_word' id='word_1_234' title='bbox 717 4247 813 4289; x_wconf 88' lang='lat' dir='ltr'>nemo</span> <span class='ocrx_word' id='word_1_235' title='bbox 836 4225 982 4289; x_wconf 87' lang='lat' dir='ltr'>conscius</span> <span class='ocrx_word' id='word_1_236' title='bbox 1005 4224 1218 4299; x_wconf 87' lang='lat' dir='ltr'>inveniretur,</span> <span class='ocrx_word' id='word_1_237' title='bbox 1238 4224 1345 4289; x_wconf 92' lang='lat' dir='ltr'>doluit</span> <span class='ocrx_word' id='word_1_238' title='bbox 1367 4247 1434 4290; x_wconf 92' lang='lat' dir='ltr'>non</span> 
     </span>
     <span class='ocr_line' id='line_1_33' title="bbox 387 4327 1433 4412; baseline -0.008 -13"><span class='ocrx_word' id='word_1_239' title='bbox 387 4340 456 4399; x_wconf 87' lang='lat' dir='ltr'>tarn</span> <span class='ocrx_word' id='word_1_240' title='bbox 487 4333 644 4397; x_wconf 88' lang='lat' dir='ltr'>damnum</span> <span class='ocrx_word' id='word_1_241' title='bbox 668 4329 717 4393; x_wconf 90' lang='lat' dir='ltr'>rei</span> <span class='ocrx_word' id='word_1_242' title='bbox 744 4334 905 4412; x_wconf 88' lang='lat' dir='ltr'>quantum</span> <span class='ocrx_word' id='word_1_243' title='bbox 938 4332 1164 4410; x_wconf 84' lang='lat' dir='ltr'>contemptum</span> <span class='ocrx_word' id='word_1_244' title='bbox 1196 4328 1309 4402; x_wconf 87' lang='lat' dir='ltr'>saneti,</span> <span class='ocrx_word' id='word_1_245' title='bbox 1341 4327 1433 4411; x_wconf 89' lang='lat' dir='ltr'>cujus</span> 
     </span>
     <span class='ocr_line' id='line_1_34' title="bbox 381 4428 1433 4523; baseline -0.008 -22"><span class='ocrx_word' id='word_1_246' title='bbox 381 4437 454 4523; x_wconf 87' lang='lat' dir='ltr'>jam</span> <span class='ocrx_word' id='word_1_247' title='bbox 472 4432 625 4520; x_wconf 75' lang='lat' dir='ltr'>praesenti</span> <span class='ocrx_word' id='word_1_248' title='bbox 642 4430 777 4516; x_wconf 80' lang='lat' dir='ltr'>pignore</span> <span class='ocrx_word' id='word_1_249' title='bbox 793 4428 932 4503; x_wconf 87' lang='lat' dir='ltr'>carebat,</span> <span class='ocrx_word' id='word_1_250' title='bbox 948 4433 983 4491; x_wconf 92' lang='lat' dir='ltr'>et</span> <span class='ocrx_word' id='word_1_251' title='bbox 998 4428 1113 4492; x_wconf 84' lang='lat' dir='ltr'>offensi</span> <span class='ocrx_word' id='word_1_252' title='bbox 1128 4429 1310 4512; x_wconf 87' lang='lat' dir='ltr'>patrocinio</span> <span class='ocrx_word' id='word_1_253' title='bbox 1326 4450 1433 4493; x_wconf 82' lang='lat' dir='ltr'>cerere</span> 
     </span>
     <span class='ocr_line' id='line_1_35' title="bbox 386 4530 1433 4617; baseline -0.008 -15"><span class='ocrx_word' id='word_1_254' title='bbox 386 4537 562 4602; x_wconf 87' lang='lat' dir='ltr'>metuebat.</span> <span class='ocrx_word' id='word_1_255' title='bbox 624 4532 733 4617; x_wconf 84' lang='lat' dir='ltr'>Igitur</span> <span class='ocrx_word' id='word_1_256' title='bbox 758 4530 962 4615; x_wconf 74' lang='lat' dir='ltr'>praeveniens</span> <span class='ocrx_word' id='word_1_257' title='bbox 993 4530 1124 4593; x_wconf 74' lang='lat' dir='ltr'>offensae</span> <span class='ocrx_word' id='word_1_258' title='bbox 1155 4530 1360 4615; x_wconf 83' lang='lat' dir='ltr'>supplicium,</span> <span class='ocrx_word' id='word_1_259' title='bbox 1384 4552 1433 4595; x_wconf 89' lang='lat' dir='ltr'>re-</span> 
     </span>
    </p>
   </div>
   <div class='ocr_carea' id='block_1_5' title="bbox 387 4631 1432 4717">
    <p class='ocr_par' dir='ltr' id='par_1_5' title="bbox 387 4631 1432 4717">
     <span class='ocr_line' id='line_1_36' title="bbox 387 4631 1432 4717; baseline -0.008 -13"><span class='ocrx_word' id='word_1_260' title='bbox 387 4640 465 4705; x_wconf 89' lang='lat' dir='ltr'>licto</span> <span class='ocrx_word' id='word_1_261' title='bbox 479 4638 566 4702; x_wconf 91' lang='lat' dir='ltr'>dono</span> <span class='ocrx_word' id='word_1_262' title='bbox 581 4655 639 4701; x_wconf 87' lang='lat' dir='ltr'>suo</span> <span class='ocrx_word' id='word_1_263' title='bbox 655 4632 751 4698; x_wconf 86' lang='lat' dir='ltr'>vadit</span> <span class='ocrx_word' id='word_1_264' title='bbox 772 4631 973 4698; x_wconf 86' lang='lat' dir='ltr'>reconciliari</span> <span class='ocrx_word' id='word_1_265' title='bbox 989 4632 1075 4717; x_wconf 88' lang='lat' dir='ltr'>patri</span> <span class='ocrx_word' id='word_1_266' title='bbox 1099 4653 1166 4697; x_wconf 87' lang='lat' dir='ltr'>suo.</span> <span class='ocrx_word' id='word_1_267' title='bbox 1213 4633 1307 4697; x_wconf 89' lang='lat' dir='ltr'>Misit</span> <span class='ocrx_word' id='word_1_268' title='bbox 1321 4639 1432 4697; x_wconf 88' lang='lat' dir='ltr'>autem</span> 
     </span>
    </p>
   </div>
   <div class='ocr_carea' id='block_1_6' title="bbox 0 0 1662 6240">
    <p class='ocr_par' dir='ltr' id='par_1_6' title="bbox 0 0 1662 6240">
     <span class='ocr_line' id='line_1_37' title="bbox 0 0 1662 6240; baseline 0 2"><span class='ocrx_word' id='word_1_269' title='bbox 0 0 1662 6240; x_wconf 95' lang='lat' dir='ltr'> </span> 
     </span>
    </p>
   </div>
  </div>
 </body>
</html>
