3316 6240
384 789 450 857 478
720 809 901 858 mancum
924 813 948 856 s.
973 811 1113 868 ruens,
1295 795 1373 877 [ms.
1390 808 1440 855 rr.

386 995 464 1078 (81.)
489 994 536 1058 De
551 995 682 1060 duobos
698 1017 845 1081 quorsus
860 996 947 1061 ultor
967 1020 1031 1081 prr
1047 995 1228 1062 biennium
1246 997 1438 1081 Iurrp‘uerot,

694 1098 779 1162 atter
799 1120 964 1162 renerum
989 1098 1121 1163 biberet.

216 1233 296 1284 eures
307 1237 336 1285 or
427 1231 590 1298 Robortus
606 1240 640 1297 et
656 1234 828 1310 Hernicus,
844 1234 928 1298 alter
944 1212 1133 1299 cubicularii
1152 1235 1236 1319 regis
1251 1233 1437 1319 Anglomm

215 1308 331 1417 ἓζζθξς
383 1335 540 1412 minister,
557 1342 680 1400 venatu
705 1337 821 1401 doctus
844 1342 878 1400 ct
901 1336 1049 1421 aucupio,
1066 1337 1151 1400 alter
1165 1336 1326 1402 oeconomi
1350 1336 1439 1421 regis

215 1432 368 1549 ‘hssdssgcalissh
384 1437 564 1513 Scotorum,
581 1442 731 1501 assuetus
755 1436 896 1502 dolabro.
937 1438 1083 1517 Quorum
1101 1438 1272 1515 Honricus‚
1288 1460 1363 1502 cum
1379 1460 1440 1522 per

214 1514 267 1613 iiiih
277 1509 370 1618 ioffifl,
383 1538 552 1603 biennium
576 1540 714 1604 adversa
729 1539 919 1604 valetudine
944 1539 1026 1605 lecto
1043 1540 1169 1615 affixus,
1186 1545 1220 1603 et
1234 1539 1285 1603 sui
1302 1540 1439 1624 penitus

383 1639 488 1724 impos
520 1642 661 1716 effectus
685 1663 827 1724 cousque
860 1641 1075 1706 deduceretur
1106 1646 1146 1705 ut
1179 1641 1301 1725 alesque
1334 1640 1439 1704 dubio

376 1742 582 1825 judicaretur
604 1743 790 1819 moriturus
814 1744 854 1807 de
877 1732 1012 1808 consilio
1036 1742 1267 1807 benevolonrm
1291 1764 1437 1827 quorun·

382 1844 458 1908 dam
488 1866 608 1929 aquam
641 1844 797 1929 martyris
828 1850 947 1930 potans
982 1845 1068 1909 infra
1102 1845 1251 1909 triduum
1288 1844 1438 1908 surrexit

381 1951 415 2010 ct
449 1946 625 2011 convaluit.
680 1947 775 2011 Alter
805 1969 884 2010 vero
916 1967 1043 2011 veneno
1077 1952 1212 2031 potatus
1240 1945 1363 2010 decidit
1398 1946 1436 2009 in

381 2049 510 2124 lectum,
534 2051 633 2114 tinem
656 2050 759 2113 morbi
784 2056 923 2115 mortem
946 2050 1092 2114 subitam
1118 2050 1351 2135 pertimescens
1374 2056 1438 2113 aut

381 2151 652 2216 immedicabilem
684 2151 882 2237 languorem.
930 2152 1035 2216 Pestis
1060 2152 1147 2215 onim
1172 2152 1295 2237 pariter
1318 2151 1433 2215 thora-

381 2275 449 2318 cem
480 2259 514 2318 et
545 2253 725 2338 superiores
756 2259 865 2338 partes
896 2253 1071 2318 immodica
1101 2253 1312 2318 distendebat
1337 2253 1436 2317 infla-

380 2362 464 2431 tura,
488 2361 522 2421 et
545 2354 754 2441 pertingebat
776 2355 819 2420 ad
842 2354 966 2419 vitalia.
1028 2356 1178 2440 Cumque
1202 2355 1271 2418 dies
1298 2360 1435 2439 praeter-

380 2458 489 2534 issent,
510 2457 642 2542 jacebat
664 2457 791 2533 anxius
815 2456 893 2541 quia
922 2461 1101 2541 martyrem
1133 2456 1224 2520 adire
1247 2457 1434 2534 affectabat,

380 2567 415 2625 et
436 2584 493 2646 pes
516 2560 579 2623 sibi
603 2559 745 2644 negabat
760 2558 909 2624 officium.
958 2560 1023 2623 Sed
1046 2559 1173 2623 itineris
1196 2559 1305 2623 labore
1328 2580 1436 2642 quan-

380 2662 486 2746 doque
507 2661 685 2725 transituro
709 2660 885 2745 periclitari
910 2661 1034 2724 malens
1058 2683 1155 2745 quam
1179 2661 1337 2724 diuturno
1360 2660 1434 2725 lan-

380 2785 487 2849 guore,
511 2762 658 2848 expetito
690 2768 835 2846 martyro
858 2762 1088 2826 omnicolorem
1123 2763 1247 2826 saniem
1274 2764 1433 2828 evomuit.

380 2866 425 2929 Et
455 2887 529 2930 cum
562 2864 737 2949 quinquies
759 2864 813 2928 vel
845 2886 883 2928 co
914 2864 1055 2949 amplius
1089 2865 1202 2929 abiens
1234 2871 1268 2928 et
1301 2863 1435 2930 rediens

379 2989 466 3053 aqua
488 2988 578 3032 sacra
611 2972 788 3051 potaretur,
812 2988 870 3051 per
897 2966 1042 3051 singulas
1065 2966 1152 3032 vices
1185 2972 1279 3030 tanto
1300 2967 1433 3031 vomitu

380 3071 466 3135 vires
500 3069 644 3155 potionis
679 3067 839 3143 exhausit,
875 3073 914 3131 ut
947 3068 1116 3133 salutifero
1151 3068 1244 3153 potui
1278 3068 1433 3134 nocivam

379 3172 546 3258 potionem
569 3170 700 3235 cessisse
724 3168 956 3256 perhibeatur.l

428 3362 506 3446 (82.)
533 3361 578 3426 Dc
601 3359 784 3426 m'cccomc'tc
806 3358 955 3425 civitatis
977 3359 1141 3444 Aopostcc
1159 3357 1382 3444 febricitante.

425 3496 466 3559 In
489 3494 575 3560 valle
599 3495 755 3570 Moriana,
779 3495 915 3559 civitate
937 3495 1097 3579 Aug-,nasta
1133 3495 1311 3561 vicecomes
1344 3496 1431 3560 Boso

380 3596 608 3682 multipliciter
630 3596 859 3682 flagellabatur
881 3617 901 3660 a
924 3595 1073 3661 Domino.
1122 3597 1209 3661 Nam
1226 3597 1429 3682 circumqua-

380 3723 443 3786 que
466 3699 715 3783 inquietabatur
745 3720 766 3762 a
800 3698 1136 3783 comprovincialibus
1161 3705 1195 3764 ot
1225 3707 1300 3785 post
1323 3700 1428 3765 tilium

379 3825 475 3867 suum
510 3800 764 3886 primogenitum
801 3805 967 3864 mortuum
1006 3799 1144 3885 triginta
1182 3801 1263 3865 duos
1301 3823 1429 3867 menses

379 3905 468 3970 febre
490 3908 653 3989 quartana
676 3903 827 3967 decoctus
851 3924 888 3966 eo
912 3924 1014 3986 usquo
1046 3901 1205 3966 dertuctus
1228 3908 1278 3966 ost
1301 3909 1340 3965 ut
1363 3909 1428 3968 tre-

377 4031 470 4073 mens
492 4015 526 4072 et
548 4028 681 4093 gemens
703 4027 795 4069 arma
826 4026 940 4090 capere
973 4011 1150 4089 cogeretur.
1196 4006 1280 4069 Cum
1316 4011 1427 4070 autem

378 4110 521 4174 Domino
543 4107 669 4193 placuit
693 4112 838 4191 paternas
862 4105 1076 4190 correptionis
1099 4127 1233 4168 manum
1250 4107 1425 4181 continere,

377 4211 626 4278 transcuntibus
650 4232 707 4294 per
729 4231 784 4274 eas
806 4215 917 4293 partes
949 4209 1130 4293 peregrinis
1153 4209 1232 4273 visse
1256 4215 1335 4273 sunt
1357 4231 1426 4273 am·

377 4314 477 4401 pullae
516 4335 601 4397 stupe
639 4311 720 4376 dicti
762 4310 925 4395 martyris.
988 4310 1032 4373 Et
1069 4332 1143 4374 cum
1192 4310 1424 4395 impetraretur

376 4417 504 4481 modica
527 4413 616 4479 stilla
638 4412 720 4477 sacri
744 4417 779 4475 et
802 4411 958 4476 rubricati
983 4410 1126 4495 liquoris,
1144 4412 1229 4475 bibit
1251 4418 1423 4498 acgrotans,

376 4517 585 4592 obdormivit,
609 4521 643 4580 et
666 4514 708 4578 ab
731 4535 770 4578 ea
792 4512 845 4577 die
868 4534 936 4577 non
959 4512 1170 4577 febricitavit.

781 4686 788 4718 ¹
803 4684 957 4751 perbihetur,
970 4687 1026 4736 MS.
