3316 6240
377 762 443 827 384
710 774 888 825 MIRAGULA
912 776 936 824 s
960 775 1096 835 reone,
1299 762 1378 844 [mn.
1396 778 1429 825 v.

377 954 479 1020 donec
516 955 662 1021 confusio
699 956 814 1021 vultus
852 957 888 1020 in
926 956 1042 1025 faciem
1087 956 1217 1022 rediens
1262 955 1428 1021 hominem

376 1054 535 1122 latentem
558 1056 737 1123 exhiberet.

379 1296 459 1382 (13.)
483 1296 531 1364 Dc
555 1297 698 1365 muliere
728 1318 803 1384 qnae
825 1296 950 1383 occqat
972 1318 1101 1383 aquom
1131 1295 1336 1363 benedictam
1362 1315 1429 1381 pro

703 1420 796 1485 aqua
818 1397 937 1464 Sancti
962 1397 1099 1463 Thomna.

209 1554 325 1633 Aphap
421 1550 561 1637 Regium
586 1560 728 1617 castrum
755 1557 806 1616 cst
828 1552 863 1615 in
881 1550 992 1616 Scotis
1012 1551 1101 1636 quod
1122 1550 1287 1637 indigente
1306 1555 1427 1615 vocant

210 1622 336 1752 fflff'
376 1652 482 1739 Elgin.
525 1654 591 1718 Hic
613 1654 731 1718 mulier
748 1654 894 1739 graviter
916 1659 1088 1738 agrotans,
1106 1653 1161 1718 cui
1175 1674 1295 1717 nomen
1312 1652 1426 1725 Maria,

209 1751 357 1818 paschon
377 1759 443 1819 tres
469 1755 539 1819 sine
566 1755 638 1821 cibo
660 1760 695 1819 ot
721 1775 834 1819 somno
862 1754 1004 1819 durabat
1037 1753 1266 1831 hebdomades,
1291 1759 1325 1818 et
1354 1758 1427 1818 erat

209 1826 332 1950 mg?
376 1855 412 1919 in
442 1856 593 1941 proximo
624 1861 662 1920 ut
695 1876 754 1941 pro
787 1855 900 1921 debito
933 1856 1040 1920 carnis
1073 1877 1094 1921 a
1127 1856 1251 1920 carneis
1285 1855 1425 1919 noxibus

209 1950 285 2066 Ehlsiss
296 1950 336 2000 for
376 1956 563 2023 solveretur.
610 1957 706 2033 Huic,
730 1958 817 2023 sicut
835 1957 1025 2043 frequenter
1047 1957 1169 2023 accidit
1191 1957 1367 2043 agentibus
1390 1957 1426 2020 in

210 2024 365 2134 iresffis
376 2060 540 2138 extremis,
578 2080 717 2146 persona
753 2059 951 2124 venerabilis
988 2059 1105 2135 astitit,
1145 2059 1185 2123 de
1223 2060 1320 2124 modo
1357 2079 1426 2123 suae

208 2149 325 2264 3¹⁸⁸·{l0
377 2159 579 2225 valetudinis
605 2161 817 2247 interrogans.
865 2160 1049 2245 Respondit
1079 2182 1112 2224 so
1135 2160 1282 2245 graviter
1315 2159 1425 2247 affligi.

210 2230 360 2359 alwio
378 2259 565 2326 Subintulit
602 2283 695 2349 posse
733 2284 805 2327 eam
844 2262 1022 2339 convalere,
1056 2262 1166 2347 siquid
1204 2263 1244 2327 dc
1278 2262 1427 2346 reliquiis

210 2362 328 2400 emron.
377 2363 467 2429 beati
490 2364 624 2429 Thomae
654 2365 697 2429 ab
727 2364 877 2449 episcopo
904 2384 962 2428 suo
994 2363 1117 2429 habitis
1139 2363 1282 2429 haberet.
1329 2365 1426 2429 Mane

377 2464 464 2531 facto
501 2464 610 2530 visum
644 2471 764 2531 narrat.
827 2466 975 2530 Lectatur
1012 2471 1118 2531 mater
1154 2466 1301 2531 assistria
1338 2466 1426 2550 quod

378 2566 502 2631 famula
523 2588 583 2633 sua
605 2568 745 2653 desuper
770 2567 935 2631 visitatur.
980 2566 1069 2631 Visis
1095 2568 1295 2653 imprecatur
1316 2569 1425 2653 auspi-

377 2668 473 2746 cium,
490 2669 683 2753 videntique
698 2668 838 2755 spondet
853 2668 988 2733 visionis
1005 2669 1254 2734 exsecutionem.
1289 2669 1426 2735 Mittens

377 2768 489 2855 itaque
504 2776 599 2857 rogat
613 2770 823 2847 Willolmum,
841 2770 1045 2835 Murcvonsis
1061 2770 1202 2855 episcopi
1222 2771 1426 2856 capellanum

377 2877 412 2936 et
436 2872 638 2948 monachum,
664 2872 991 2956 quantulumcunque
1008 2871 1134 2955 aliquid
1153 2894 1194 2936 ex
1219 2874 1426 2938 vestimentis

377 2973 440 3038 sibi
467 2974 572 3040 sancti
604 2974 760 3059 martyris
791 2973 962 3059 impertiri.
1009 2972 1141 3039 Iudicat
1162 2973 1263 3039 etiam
1295 2996 1425 3041 causam

377 3080 411 3139 et
426 3076 653 3143 necessitatem
668 3073 813 3161 rogandi.
857 3074 918 3138 Ille
933 3095 1011 3139 vero
1033 3074 1085 3150 ei‚¹
1107 3095 1181 3140 cum
1205 3097 1271 3141 uon
1291 3076 1427 3141 haberet

377 3177 465 3261 quod
487 3177 528 3242 de
552 3182 697 3262 martyre
727 3175 1010 3252 retransmitteret,
1034 3196 1075 3240 nc
1098 3197 1165 3241 non
1195 3178 1427 3263 obsequeretur

376 3279 504 3345 ancillae
527 3279 598 3355 Dei,
622 3278 749 3343 remisit
770 3299 891 3363 aquarn
914 3277 1128 3357 benedictam,
1149 3301 1217 3345 non
1235 3280 1329 3346 illam
1352 3303 1426 3345 san-

376 3379 477 3465 guine
515 3381 620 3447 saneti
658 3380 865 3457 rubricatam,
903 3380 960 3445 sed
998 3382 1163 3445 communi
1201 3382 1427 3448 benedictione

378 3480 622 3547 sanctificatam.

423 3584 530 3651 Nocte
552 3591 671 3663 secuta
696 3587 753 3672 qui
775 3587 866 3672 prius
886 3593 1084 3672 apparuerat
1113 3586 1229 3671 adjicit
1254 3593 1290 3652 et
1320 3587 1428 3651 denuo

378 3708 413 3751 sc
443 3686 480 3751 in
509 3688 631 3753 somnis
666 3688 828 3765 exhibere,
863 3688 981 3765 dicens,
1021 3686 1261 3753 “Seduxerunt
1297 3694 1350 3766 te;
1387 3690 1428 3753 de

379 3798 397 3823 “
419 3794 564 3875 martyre
590 3789 675 3853 nihil
705 3789 866 3875 accepisti.
915 3788 1005 3855 Scito
1037 3795 1157 3867 autem,
1180 3791 1246 3855 nisi
1277 3790 1342 3854 viri
1365 3790 1426 3854 Dei

380 3899 397 3924 “
419 3890 517 3957 citius
540 3891 695 3977 suffragio
717 3891 878 3967 releveris,
902 3890 981 3976 quia
1003 3890 1064 3955 tibi
1096 3891 1296 3976 possibilitas
1322 3892 1428 3956 omnis

379 3992 609 4079 “resurgendi
633 3992 873 4078 praecluditur?
919 3992 1028 4079 Igitur
1053 3994 1140 4079 quod
1158 3994 1288 4058 viderat
1304 3999 1429 4079 regrota

378 4094 547 4172 referente,
581 4094 707 4159 remisit
741 4114 780 4158 ea
817 4115 891 4177 quro
929 4093 1148 4160 ancillabatur
1185 4094 1312 4161 ancillae
1349 4116 1426 4169 suar,

378 4197 538 4263 monacho
565 4196 684 4271 dicens,
724 4204 740 4229 “
753 4195 840 4260 Malo
871 4196 976 4261 fecisti
1010 4197 1255 4281 simplicitatem
1281 4204 1427 4263 nostram

380 4306 397 4331 “
419 4298 684 4372 circumveniens,
716 4302 750 4361 et
783 4296 874 4362 aliud
905 4319 1004 4382 quam
1035 4298 1077 4362 dc
1107 4304 1253 4384 martyre
1283 4299 1427 4364 mittens.

378 4408 396 4435 “
419 4400 501 4467 Eceo
523 4400 683 4464 visionem
702 4398 796 4476 vidit,
816 4420 890 4483 quac
912 4399 1164 4484 possibilitatem
1183 4400 1429 4467 convalescendi

829 4637 836 4671 ¹
854 4654 915 4701 eum,
927 4637 984 4691 MS.
