3316 6240
383 766 424 831 16
535 760 554 799 ⁰
762 779 844 827 vrrs
866 780 891 827 s.
915 778 1052 840 raons,

384 975 463 1059 (15).
488 972 609 1039 Recidit
635 972 901 1058 archiepiscopos
930 994 954 1037 o
983 994 1143 1039 consensa
1174 995 1272 1059 quem
1299 973 1432 1060 proset-

509 1081 594 1140 tcrat
615 1074 687 1159 rapi
705 1096 768 1159 per
790 1072 1059 1140 ‹alnao-nltimam
1081 1076 1308 1160 quorundam.

215 1244 365 1297 Couneilof
427 1232 476 1295 At
506 1230 766 1316 archiepiscopus
800 1236 984 1314 suspectam
1018 1228 1142 1294 habens
1176 1232 1262 1317 regis
1296 1233 1432 1318 promis-

214 1312 366 1429 gfff&
382 1334 515 1409 sionem,
531 1340 566 1397 et
586 1335 665 1418 quia
687 1332 874 1417 frequenter
893 1331 1056 1416 principes
1078 1332 1121 1396 ad
1145 1332 1293 1397 indebita
1315 1355 1432 1399 manus

382 1435 575 1509 extendunt,
599 1434 732 1497 modum
755 1454 852 1495 suum
875 1432 1070 1516 ignorantes,
1089 1432 1189 1517 elegit
1211 1433 1321 1517 potius
1343 1436 1433 1519 apud

382 1558 491 1621 regem
522 1556 621 1619 quam
657 1534 693 1596 in
723 1532 793 1618 lego
825 1532 886 1596 Dei
922 1531 1108 1616 periclitari,
1141 1555 1334 1618 aeneumque
1366 1557 1431 1599 ser-

383 1642 515 1721 pentem
550 1642 714 1700 conterere
744 1634 934 1717 priusquam
966 1634 1113 1717 pravitas
1146 1634 1181 1697 in
1214 1634 1334 1719 populo
1368 1635 1432 1700 Dei

382 1736 567 1823 pullularet.
626 1735 751 1819 Itaque,
776 1734 927 1818 quamvis
950 1734 1088 1797 exilium
1106 1735 1160 1799 vel
1183 1757 1341 1800 carcerem
1365 1758 1431 1802 me-

383 1837 470 1915 tuit,¹
497 1838 605 1903 Deum
637 1843 748 1900 tamen
778 1834 881 1919 pluris
912 1832 1127 1898 existimans²
1150 1858 1192 1900 cx
1215 1836 1352 1902 adverso
1381 1858 1432 1902 aa·

382 1941 499 2005 cendit.
562 1939 622 2003 Ille
646 1939 799 2011 minatur,
823 1937 885 2000 isto
908 1936 1109 2021 refragatum
1140 1937 1195 2002 illo
1219 1938 1345 2015 delirat,
1369 1939 1432 2005 iste

213 2040 353 2118 nearch-
382 2042 484 2107 tacita
505 2062 599 2125 prece
622 2040 771 2123 suspirat.
820 2037 950 2101 Interea
968 2037 1111 2122 episcopi
1127 2037 1381 2103 Saresberiensis
1399 2047 1434 2105 et

214 2106 341 2237 RQ?
382 2143 610 2218 Norwicensis,
627 2163 708 2226 quos
723 2140 765 2204 ab
780 2141 917 2223 antiquo
939 2138 1047 2224 regis³
1061 2141 1136 2205 odio
1152 2162 1250 2225 prena
1270 2142 1432 2219 manebat,

214 2238 354 2353 ffibffithbr
382 2245 536 2308 timentes
570 2242 632 2306 sibi
664 2264 706 2305 ex
738 2241 892 2325 impacati
925 2241 1081 2325 temporis
1116 2242 1290 2319 occasione,
1323 2244 1432 2307 verbis

214 2319 369 2420 ofesdhfp'
380 2345 657 2430 archiepiscopum
679 2341 968 2427 lachrymabilibus
984 2341 1144 2407 orabant⁴
1159 2344 1246 2426 quod
1269 2345 1321 2408 sui
1336 2346 1432 2410 mise-

214 2436 341 2550 }u'lfflff
381 2454 507 2512 rerctur
529 2446 585 2511 ct⁶
607 2445 692 2521 cleri,
716 2444 803 2527 quod
826 2444 928 2506 animi
960 2444 1174 2527 pertinaciam
1196 2444 1366 2522 relaxaret,
1390 2468 1432 2511 ne

238 2515 341 2561 orme,
382 2548 460 2623 ille,⁰
490 2568 656 2621 carcerem,
688 2545 791 2609 clerus
822 2544 1062 2620 exterminium,
1094 2545 1157 2629 ipsi
1188 2546 1432 2611 damnationem

214 2652 336 2701 theam
382 2648 500 2733 capitis
523 2647 730 2711 incurrerent.
779 2644 843 2709 Sed
867 2650 901 2708 et
923 2646 1057 2709 comites
1073 2645 1138 2709 duo
1154 2648 1372 2730 potentissimi
1396 2649 1432 2712 in

214 2716 333 2833 fflffi
382 2770 482 2835 regno
505 2749 612 2834 ipsum
635 2747 778 2834 aggressi
802 2746 955 2812 dicebant
977 2748 1064 2832 quod
1091 2749 1156 2811 nisi
1187 2748 1242 2813 ille
1265 2750 1432 2815 voluntati

214 2848 351 2901 Leieester.
381 2851 467 2937 regis
488 2850 713 2935 acquiesceret,
735 2872 777 2914 ex
800 2846 967 2934 ejusdem⁷
986 2849 1133 2933 jussione
1157 2849 1219 2933 ipsi
1242 2850 1286 2914 ad
1308 2850 1432 2917 violen-

382 2955 464 3019 tiam
494 2953 629 3040 cogondi
653 2960 755 3027 erant,
779 2974 853 3036 quae
876 2952 945 3037 regi
976 2950 1104 3035 sibique
1128 2959 1321 3037 perpetuam
1352 2955 1431 3019 irro-

380 3066 474 3143 garet
504 3055 681 3121 infamiam.
739 3054 962 3118 Veruntamen
987 3054 1040 3116 vir
1065 3054 1199 3118 invictae
1230 3057 1432 3133 constantiae,

381 3166 416 3221 et
439 3159 474 3220 in
504 3165 598 3240 petra
621 3155 753 3220 Christo
784 3154 949 3229 fundatus,
973 3175 1033 3219 nec
1064 3154 1236 3219 blanditiis
1268 3156 1433 3221 emollitus

381 3280 442 3322 nec
464 3254 607 3321 terrore⁸
630 3277 804 3322 concussus
825 3254 972 3341 grcmio⁹
994 3257 1146 3348 veritatis
1162 3263 1197 3321 et
1219 3258 1293 3322 sinu
1317 3260 1432 3324 matris

380 3358 545 3433 avellitur,
569 3357 623 3422 eui
646 3356 809 3421 libertatis
821 3354 846 3394 ¹⁰
869 3362 1010 3421 assertor
1031 3357 1229 3422 adhaerebat.
1289 3358 1351 3437 Sic,
1378 3360 1432 3444 (no

213 3463 367 3517 herasme·
381 3460 477 3545 longe
508 3464 664 3543 petantur
687 3457 859 3542 exempla)
884 3457 1031 3523 decessor
1061 3481 1140 3522 suus
1173 3458 1307 3545 Elfegus
1338 3462 1433 3526 stetit

213 3536 342 3659 ffif'w'
380 3562 536 3625 immotus
551 3560 631 3624 dum
654 3560 690 3624 in
706 3559 847 3623 vinculis
863 3582 965 3645 usque
983 3560 1026 3624 ad
1045 3561 1172 3645 jactum
1196 3561 1315 3647 lapidis
1330 3562 1430 3629 sacul-

213 3668 359 3726 ΝΛΜ-9·
380 3670 466 3729 tates
489 3662 630 3729 ecelesiae
654 3668 808 3739 tueretur,
832 3684 899 3727 non
922 3662 1095 3726 minimum
1126 3664 1162 3726 in
1185 3664 1304 3727 minori
1334 3686 1432 3730 causa

380 3766 552 3851 praemium
575 3770 785 3841 consecutus;
815 3786 889 3828 eum
913 3764 1000 3827 enim
1025 3765 1203 3829 maximam
1228 3766 1262 3828 in
1286 3766 1431 3829 minimis

380 3874 549 3953 reputaret
580 3866 744 3931 Creatoris
776 3866 939 3941 offensam,
972 3888 1039 3929 non
1069 3868 1243 3931 minimum
1278 3868 1431 3934 dilexisse

381 3970 594 4034 convincitur.
658 3968 779 4032 Decuit
809 3975 921 4032 autem
960 3968 1166 4033 dilectionem
1200 3969 1301 4054 juxta
1333 3971 1431 4036 devo-

382 4071 504 4135 tionem
528 4090 621 4132 suam
643 4069 806 4132 trutinari.
870 4067 998 4134 Sedno
1021 4070 1185 4135 victorin
1209 4070 1267 4136 lite
1291 4072 1432 4137 Thomas

416 4303 423 4335 ¹
441 4312 563 4361 metueret,
576 4304 611 4352 V.
623 4304 653 4352 L.
908 4316 911 4391 p
964 4302 975 4333 ⁶
992 4305 1052 4368 ipae,
1064 4305 1096 4353 V.
1109 4306 1138 4354 L.

414 4382 425 4414 ²
441 4384 570 4440 estimans,
582 4381 616 4430 V.
628 4381 658 4430 L.
963 4380 974 4417 7
991 4384 1067 4445 repis,
1079 4384 1112 4432 V.
1124 4384 1155 4432 L.

414 4460 425 4492 ³
441 4464 518 4525 repis,
529 4460 645 4519 omitted,
656 4460 690 4509 V.
703 4460 733 4509 L.
962 4459 973 4491 ⁸
991 4459 1133 4522 terroribus,
1144 4463 1178 4511 V.
1190 4463 1220 4511 L.

414 4540 425 4571 ⁴
442 4540 588 4597 exorabunt,
600 4540 634 4589 V.
647 4540 676 4588 L.
964 4538 974 4568 ⁹
992 4538 1088 4586 tandem
1098 4556 1114 4587 a
1125 4541 1225 4602 premio,
1237 4541 1271 4590 V.
1284 4541 1313 4591 L.

414 4619 424 4649 ⁵
441 4627 474 4679 et,
486 4619 598 4677 omitted,
610 4618 645 4669 V.
658 4619 688 4667 L.
961 4616 980 4648 ¹⁰
996 4618 1069 4681 cajus
1080 4617 1189 4668 libertati
1199 4619 1268 4682 ado„
1279 4623 1313 4671 V.
