3316 6240
401 787 444 840 50
782 793 860 839 vrrs
884 793 909 839 s.
932 792 1069 851 'illenim

400 1021 480 1105 (ll.)
504 1016 725 1085 Proturbutio
750 1017 881 1083 l'boma
903 1039 926 1081 a
948 1016 1152 1085 irretientes-io
1173 1018 1452 1090 Puatcuiuccusi.

231 1194 367 1245 lle—isun-
442 1188 572 1253 Invidit
602 1194 714 1253 autem
749 1186 851 1251 tantis
881 1186 1079 1269 profectibus
1102 1186 1159 1271 qui
1191 1187 1317 1254 zizania
1339 1210 1452 1275 super-

230 1262 374 1377 }2ffi‘'}l0„,
397 1290 538 1355 seminat
561 1290 596 1352 in
610 1310 690 1373 agno
705 1286 886 1362 Dominico,
910 1291 952 1361 et,
969 1286 1047 1369 quia
1068 1286 1120 1349 vir
1143 1286 1220 1371 [Dei
1243 1286 1321 1373 de]¹
1345 1290 1452 1355 tribu-

229 1391 311 1457 tism'·
396 1392 518 1457 latione
542 1391 729 1475 profecerat,
753 1394 788 1452 et
817 1388 886 1471 ipse
918 1386 1160 1452 machinatione
1191 1410 1252 1455 sua
1277 1396 1451 1469 commeent,

397 1492 461 1557 bile
494 1490 612 1576 majori
644 1490 845 1555 movebatur.
903 1488 1010 1563 Unde,
1034 1492 1193 1573 tauquam
1224 1490 1264 1555 de
1291 1490 1361 1557 loco
1383 1512 1452 1559 crc-

396 1593 505 1671 visset,
537 1592 702 1677 hospitem
733 1589 877 1675 bospitio
911 1588 1127 1673 proturbare2
1160 1592 1367 1669 contendens,
1400 1593 1451 1657 di-

395 1695 492 1761 rectis
527 1695 562 1757 in
595 1716 695 1759 manu
730 1693 950 1758 membrorum
985 1713 1118 1755 suorum
1152 1692 1272 1757 litteris
1305 1694 1450 1779 capitulo

396 1795 623 1865 Sisterciensii
644 1798 790 1861 minatus
813 1800 870 1873 est,
895 1796 924 1857 si
946 1793 1085 1859 ulterius
1106 1794 1330 1861 adversarium
1353 1818 1451 1863 suum

394 1902 484 1985 aliud
518 1926 551 1967 se
583 1900 771 1965 retinerent.
827 1898 887 1962 Ille
911 1918 988 1961 vero
1020 1896 1115 1983 longe
1146 1904 1224 1963 ante
1257 1898 1376 1965 timens
1407 1922 1450 1967 ne

396 2004 500 2089 gnatis
522 2002 708 2085 hospitibus
739 2000 807 2063 suis
837 1998 1004 2066 occasione
1035 1999 1087 2063 sui
1110 1998 1318 2084 dispendium
1341 2002 1449 2066 immi-

395 2112 496 2181 neret,
519 2105 576 2168 sed
600 2110 634 2169 et
656 2104 760 2168 sciens
787 2102 865 2186 quia
888 2110 1009 2165 “omne
1040 2100 1146 2165 solum
1168 2102 1245 2166 l'orti
1269 2103 1376 2187 patna
1399 2110 1450 2169 est

396 2213 475 2269 “ut
503 2205 646 2291 piscibus
680 2204 818 2289 arquor,”
849 2226 871 2268 a
901 2203 971 2269 loco
1003 2204 1159 2281 discessit,
1192 2204 1282 2288 prius
1314 2205 1449 2291 benigni

395 2308 480 2394 regis
497 2308 696 2373 Francorum
719 2306 847 2369 nuntiis
863 2310 1052 2389 pnereutus
1068 2325 1167 2389 qutun
1190 2306 1322 2370 sinistro
1337 2306 1449 2392 aliquo

395 2410 513 2475 nuntio
536 2415 730 2475 moveretur.
778 2408 807 2471 Ο
831 2406 1030 2491 multiplices
1056 2412 1090 2471 et
1112 2407 1293 2472 inell'abiles
1315 2415 1448 2475 necten-

395 2519 463 2577 tem
494 2512 627 2595 laqueos
661 2511 788 2575 hostem
823 2510 951 2593 generis
984 2509 1129 2585 humani,
1157 2509 1213 2575 sed
1245 2517 1377 2595 captum
1400 2510 1448 2577 la-

396 2614 488 2695 queis
520 2614 608 2676 suis!
663 2614 692 2675 0
727 2612 930 2676 seductorem
964 2610 1154 2687 mirabilem,
1187 2612 1245 2675 sed
1276 2612 1447 2678 seductum

395 2714 600 2780 mirabilius!
646 2714 885 2779 Obeviathan
915 2713 1115 2778 aduncatum
1143 2712 1241 2779 hamo
1264 2720 1341 2779 suoi
1385 2714 1446 2779 Po-

395 2822 482 2883 terat
505 2817 646 2902 quidem,
670 2817 698 2880 si
730 2816 843 2882 iideles
875 2816 985 2879 minus
1020 2816 1173 2891 irritaret,
1197 2816 1264 2879 risu
1297 2818 1445 2895 lintunae,

394 2920 628 2987 blandimentis
655 2920 888 3005 prosperitatis,
913 2918 1080 2983 titillando
1104 2918 1218 2983 molles
1240 2920 1367 2983 animos
1389 2942 1445 2985 ex·

392 3022 514 3099 tollere,
538 3029 572 3088 et
595 3022 844 3107 quoquomodo
871 3020 911 3083 de
937 3019 1123 3085 adversario
1146 3041 1204 3084 suo
1227 3042 1355 3105 sperare
1378 3021 1445 3087 vic-

393 3124 519 3188 toriam.
566 3123 666 3187 Nunc
696 3143 773 3185 vero
804 3121 986 3204 direptione
1017 3120 1263 3205 possessionum,
1288 3121 1446 3188 violentia

391 3224 663 3307 persecutionum,
681 3222 794 3287 volens
810 3244 886 3287 eum
901 3223 1046 3308 dejicere,
1070 3224 1107 3287 in
1131 3224 1293 3289 virtutum
1315 3224 1446 3291 eulmen

391 3323 532 3401 extollit,
567 3324 705 3389 adversa
744 3323 895 3409 infligens
933 3324 1058 3407 probat,
1090 3325 1232 3409 probans
1263 3326 1444 3411 patientem

393 3425 500 3501 efficit,
536 3432 571 3491 et
609 3426 688 3489 dum
723 3425 887 3512 naufragii
920 3426 1061 3511 seopulis
1097 3427 1206 3509 illidit,
1241 3428 1276 3491 in
1311 3434 1444 3514 portum

389 3528 644 3613 tranquillitatis
667 3529 813 3615 exponit.
871 3528 931 3591 Nil
953 3530 1024 3616 agit
1046 3530 1239 3614 improbitas
1255 3553 1329 3617 queo
1351 3532 1442 3597 dam·

388 3652 469 3695 niun
503 3632 628 3718 irrogat
659 3638 698 3697 ut
736 3633 893 3698 damnum
929 3633 1081 3699 incurrat.
1129 3632 1226 3714 Est03
1259 3634 1443 3719 expellatm·

385 3734 529 3820 hospitio
569 3757 628 3801 suo
640 3759 649 3817 ;
695 3756 762 3801 non
799 3735 873 3801 ideo
919 3736 1048 3823 segnior
1091 3742 1203 3822 smget
1240 3736 1276 3801 in
1313 3736 1441 3803 hostem

385 3860 489 3904 suum.

216 3986 364 4105 {impp
430 3990 446 4017 “
469 3982 607 4117 Ocelum,
620 4004 699 4148 tnon
721 3982 877 4061 animum,
901 3987 1034 4051 mutant
1059 3984 1116 4069 qui
1139 3989 1231 4053 trans
1255 4004 1344 4053 marc
1366 4005 1439 4054 cur·

331 4092 337 4107 ·
527 4096 534 4118 ⁶
557 4104 620 4147 rim
638 4084 662 4148 .'

213 4238 270 4315 'me
281 4240 354 4293 erch—
428 4232 514 4298 Cum
530 4232 643 4317 itaque
660 4231 863 4299 territorium
879 4230 1066 4301 Senonense
1089 4240 1213 4321 petens,
1230 4234 1304 4301 vale
1315 4234 1387 4321 jam
1403 4256 1437 4301 sc

211 4305 352 4425 Ξξῗῗξῐΐ
382 4336 619 4405 deducentibus
654 4336 801 4405 facturus
829 4344 920 4416 esset,
944 4340 1054 4425 erupit
1085 4340 1121 4403 in
1155 4339 1325 4425 lacrymas,
1354 4358 1436 4425 (luas

211 4437 284 4489 Sena

414 4596 419 4625 ¹
436 4597 549 4645 Inserted
562 4596 587 4643 in
600 4596 717 4656 Qurulril.
964 4596 974 4627 ³
987 4596 1029 4647 Sie
1040 4595 1096 4647 MS.
1110 4596 1143 4647 W
1145 4594 1225 4646 intou.

412 4673 421 4703 ²
428 4672 591 4736 perturbare,
604 4675 636 4723 V.
