3316 6240
414 768 480 833 480
748 782 930 837 unacum
951 784 976 835 s.
1000 780 1138 845 moun,
1319 768 1467 855 [mnvr

245 972 431 1021 wasemes
453 970 610 1056 bajulum,
643 971 846 1038 Willelmum
870 973 1012 1050 nomine,
1036 972 1335 1060 Rothomagensem
1369 977 1466 1050 natu,

245 1034 292 1087 ⁰f¹
293 1051 430 1108 epromy
413 1074 579 1140 “meritis
616 1074 706 1140 beati
744 1076 900 1162 martyris
939 1076 1073 1141 Thomae
1111 1076 1263 1142 curatum
1301 1096 1322 1141 a
1358 1074 1464 1161 lepra

413 1187 429 1213 “
453 1177 642 1244 Curationis
673 1179 807 1243 modum
841 1180 935 1244 nobis
970 1179 1131 1265 exposuit.
1180 1178 1268 1244 Nam
1305 1199 1381 1244 oum
1403 1200 1468 1264 per

413 1289 429 1315 “
452 1303 576 1347 annum
599 1287 634 1346 et
648 1282 823 1346 dimidium
845 1303 867 1348 a
880 1287 977 1348 ooetu
1000 1282 1167 1348 communi
1182 1285 1373 1369 segregatus
1396 1280 1468 1346 fm-

413 1396 428 1418 “
452 1385 559 1449 tribus
581 1385 681 1449 simili
716 1385 830 1450 morbo
864 1385 1091 1452 laborantibus
1122 1384 1351 1461 cohabitasset,
1376 1383 1468 1449 desi-

413 1497 429 1521 “
452 1487 542 1552 derio
575 1487 728 1553 sanitatis
749 1509 904 1554 aecensus
927 1494 1042 1553 estex
1064 1486 1272 1574 benignitate
1295 1486 1467 1572 martyris,

412 1598 429 1623 “
452 1611 550 1673 quem
582 1591 701 1675 saepius
733 1590 891 1656 audiebat
925 1595 960 1655 ot
993 1589 1132 1655 videbat
1163 1589 1242 1656 huie
1272 1588 1470 1655 infirmitati

413 1700 429 1725 “
451 1691 634 1757 subvenire.
681 1692 778 1760 Oirea
799 1693 893 1777 eujus
916 1693 1125 1779 sepulchrum
1155 1692 1285 1758 aditum
1308 1691 1380 1757 dies
1402 1689 1469 1757 ali-

413 1803 428 1827 “
451 1798 533 1878 quot
556 1794 756 1872 delitesoens,
780 1816 856 1861 eum
888 1818 922 1861 ae
956 1801 1077 1881 praeter
1109 1795 1337 1879 quotidianam
1360 1789 1469 1860 afflie-

413 1907 428 1931 “
452 1896 577 1963 tionem
586 1898 760 1966 devotione
776 1900 934 1965 orationis
949 1900 1287 1985 peregrinationisque
1302 1896 1468 1963 molestiis

413 2009 429 2035 “
451 2000 631 2079 afflixisset,
654 2002 708 2067 dio
730 2003 873 2086 quadam
896 2008 1076 2087 martyrem
1099 2002 1194 2067 videt
1208 2022 1343 2068 manum
1367 2021 1467 2067 suam

412 2104 515 2168 “sibi
546 2104 775 2190 porrigentem.
835 2105 1008 2191 Evigilans
1041 2109 1163 2182 autem,
1189 2105 1280 2189 (nam
1314 2102 1467 2169 videndo

412 2215 427 2240 ⁴‘
451 2226 565 2291 sopore
587 2207 784 2293 tenebatur),
809 2207 928 2272 subitis
952 2206 1119 2273 doloribus
1142 2227 1317 2275 eoneussus
1339 2205 1467 2291 spiritu

411 2317 428 2343 ‘¹
450 2308 630 2388 infremuit,
652 2331 784 2396 eorpore
807 2315 897 2376 totus
921 2309 1101 2376 exhorruit.
1156 2309 1340 2375 Videbatur
1363 2329 1466 2394 erup·

411 2421 428 2447 “
451 2413 495 2476 tis
518 2413 690 2478 tuberibus
722 2413 828 2478 sanies
861 2411 999 2491 effluere,
1024 2412 1165 2498 talisque
1199 2411 1381 2498 apparebat
1403 2411 1462 2476 eui
1538 2481 1546 2495 ¹

411 2523 428 2550 “
451 2536 587 2582 manum
619 2514 765 2582 medicus
798 2514 1012 2581 adhibuisset.
1071 2514 1168 2595 Quod
1199 2512 1296 2599 plane
1328 2532 1466 2580 eernere

412 2626 428 2652 “
450 2622 529 2683 erat.
577 2617 667 2684 Nam
688 2618 902 2684 abscedensa
924 2616 1105 2703 sepulchre,
1129 2615 1236 2681 indies
1259 2613 1464 2691 melioratus,

412 2728 428 2754 “
451 2720 586 2785 tandem
609 2720 680 2785 sine
702 2720 802 2807 lepras
825 2721 914 2787 notis
935 2720 1028 2786 visus
1051 2725 1109 2798 est,
1133 2725 1168 2785 et
1190 2741 1265 2786 eum
1287 2718 1376 2785 notis
1392 2718 1466 2783 suis

378 2830 428 2856 '⁸‘
450 2828 662 2890 conversatus
685 2830 742 2891 est.
790 2824 897 2902 Hune,
922 2846 1020 2910 quem
1043 2824 1079 2888 in
1102 2823 1176 2890 aliis
1210 2821 1332 2889 ematis
1363 2826 1465 2887 notas

412 2935 428 2959 ‘¹
451 2931 486 2992 et
507 2926 660 3013 quaedarn
682 2927 851 3013 relinquat
872 2927 1004 3005 indieia,
1020 2926 1118 2994 doeta
1140 2946 1258 2992 manus
1280 2923 1464 2990 mundavit

411 3038 427 3065 “
450 3031 494 3097 ad
515 3052 670 3119 unguem,
693 3035 734 3096 ut
755 3030 783 3096 si
807 3052 883 3097 eum
905 3051 999 3097 ersus
1021 3030 1124 3097 oeulis
1146 3028 1266 3095 vestris
1288 3026 1461 3107 obtulerit,

412 3142 427 3168 “
451 3154 512 3202 nee
535 3133 798 3222 elephantiosum
821 3133 922 3199 fuisse
944 3132 1134 3201 advertatis.
1179 3129 1322 3198 Valete.”

449 3384 529 3470 (85.)
554 3384 601 3451 De
624 3383 749 3471 leproso
772 3380 986 3449 Neustrieusi
1004 3379 1067 3469 per
1089 3402 1167 3449 ιιιιιι·
1168 3384 1273 3467 lyrein
1295 3387 1424 3448 aureolo

240 3548 284 3600 Ηι
268 3549 327 3628 u,gh
339 3552 368 3603 οι
454 3541 509 3605 Ab
531 3542 644 3607 eodem
677 3546 789 3607 saneto
820 3545 953 3656 propter
984 3540 1124 3605 eundem
1156 3537 1306 3606 morbum
1339 3560 1362 3605 a
1383 3559 1463 3607 eon-

241 3615 358 3734 ffiof
410 3644 556 3711 vicensis
579 3645 648 3710 suis
670 3643 893 3731 segregatus
879 3643 1015 3729 juvenis
1037 3643 1147 3730 Hugo,
1171 3643 1212 3708 do
1244 3642 1352 3720 Cirisi,
1376 3642 1462 3709 villa

240 3750 350 3816 lesproy.
410 3748 627 3826 Neustriensi,
652 3752 758 3824 natus,
793 3751 828 3811 et
865 3767 940 3812 eum
972 3746 1204 3832 elephantiosis
1241 3768 1300 3832 per
1332 3766 1461 3810 annum

409 3853 477 3918 lere
501 3857 722 3929 conversatus,
738 3849 846 3937 gratia
861 3849 1135 3937 peregrinationis
1150 3849 1303 3915 mundari
1318 3849 1462 3928 meruit,

407 3956 465 4022 sed
487 3956 606 4024 faeiem
629 3954 827 4021 subrubeum
850 3958 925 4039 post
947 3953 1064 4019 tubera
1087 3952 1243 4019 demolita
1264 3951 1459 4018 reservavit.

478 4208 557 4295 (86.)
581 4202 722 4274 Litterae
744 4202 870 4273 militis
892 4204 932 4272 de
949 4204 1084 4293 furioso
1106 4203 1215 4272 ezelo-t
1236 4204 1394 4272 restituto.

239 4376 366 4444 Rogerde
454 4367 682 4435 “conventui
706 4365 937 4433 Cantuariensi
961 4371 996 4430 et
1026 4365 1189 4431 universis
1212 4364 1355 4433 eeclesiae
1378 4364 1458 4431 filiis

238 4447 424 4576 Ξεῐξῖξθζὴθ“
447 4472 606 4560 Rogerius
630 4471 670 4537 de
693 4468 882 4537 Bereheleia
903 4469 1052 4536 salutem.

238 4578 363 4631 ιιιιιιιι
453 4575 635 4641 “Noverit
657 4573 791 4642 dileetio
814 4579 926 4640 vestra
948 4571 1161 4659 praesentium
1196 4570 1334 4639 latorem
1366 4571 1457 4640 sica

237 4646 414 4715 maumas
406 4678 608 4747 “daemonio
642 4677 743 4745 fusse
773 4680 942 4756 vexatum,
965 4676 1203 4745 uthominum
1236 4681 1346 4764 spreto
1380 4698 1457 4746 eon-
