3316 6240
237 1286 301 1337 nm.
318 1269 378 1354 vn]
438 1287 598 1337 sucmrm
619 1285 800 1336 wmtauuo
823 1286 1085 1336 cauruummsr.
1222 1268 1287 1339 447

236 1474 332 1539 rabat
352 1473 564 1551 incommodo,
611 1473 699 1538 Nam
715 1472 851 1539 alterius
867 1471 996 1538 aurium
1013 1473 1145 1537 carebat
1159 1473 1285 1550 auditu,
1299 1480 1432 1532 orbanu-

239 1575 296 1638 sed
328 1582 362 1638 et
393 1575 517 1639 saniem
548 1596 606 1659 per
634 1597 706 1639 eam
739 1574 898 1658 ejiciebat,
922 1579 961 1637 ut
994 1574 1195 1639 lectisternia
1227 1556 1418 1664 suaffissffss‘f

236 1677 401 1741 dormiens
424 1677 579 1742 inficeret.
634 1675 732 1741 Unde
756 1697 823 1741 non
847 1675 1088 1740 admittebatur
1111 1677 1220 1760 quivis
1243 1675 1415 1740 addeasneo·

236 1777 433 1863 colloquium
457 1779 535 1863 ejus,
559 1799 600 1841 ne
624 1777 733 1841 minus
757 1781 924 1862 peteretur
946 1777 989 1840 ad
1012 1777 1146 1861 nuptias
1177 1779 1204 1840 si
1229 1799 1285 1861 pa-
1298 1747 1430 1876 {ffi'grze

237 1884 374 1944 tosoeret
396 1879 578 1943 infirmitas.
625 1877 710 1943 Cum
733 1882 845 1942 autem
869 1877 932 1942 hae
955 1877 1009 1940 lue
1032 1899 1135 1941 annos
1156 1878 1286 1963 aliquot
1298 1877 1363 1926 from
1376 1880 1420 1928 ²¹¹0

236 1980 422 2056 laborasset,
460 1980 716 2046 consulebantur
753 1979 879 2055 medici,
915 1979 971 2062 qui
1010 1978 1114 2044 fracto
1148 1979 1286 2043 interius
1297 1959 1348 1992 ω’

236 2083 431 2167 apostemati
464 2103 594 2147 causam
624 2081 727 2145 saniei
758 2081 977 2165 assignabant,
1002 2087 1035 2145 et
1058 2103 1188 2146 causam
1219 2102 1286 2145 non

235 2207 346 2249 curam
380 2184 601 2260 inveniebant,
625 2183 727 2249 verbo
756 2204 825 2247 non
856 2204 953 2266 opere
985 2184 1154 2267 negotium
1189 2204 1285 2246 suum

235 2292 457 2371 exsequentes,
504 2285 602 2350 Unde
625 2285 810 2350 consultum
835 2291 885 2348 est
908 2290 947 2347 ut
969 2283 1083 2348 divina
1106 2285 1146 2347 do
1169 2292 1286 2349 caetero

234 2395 435 2472 (quaereretur
458 2387 638 2463 medicina5
661 2394 696 2450 et
718 2407 756 2450 eo
780 2406 883 2468 usque
905 2390 1042 2449 ventum
1066 2393 1116 2449 est
1139 2393 1177 2449 ut
1200 2386 1287 2449 inter

234 2490 376 2554 medicos
399 2489 547 2555 eoelestes
581 2488 726 2552 medicus
749 2485 892 2550 Thomas
914 2485 1091 2570 eligeretur
1114 2487 1169 2570 qui
1194 2507 1285 2570 roga·

234 2597 325 2656 retur
342 2591 462 2676 virgini
488 2611 623 2654 manum
646 2610 743 2652 auum
767 2588 942 2672 imponere.
989 2587 1287 2652 Circumsteterunt

234 2695 345 2777 itaque
377 2692 479 2756 liliam
512 2691 590 2755 hine
620 2697 722 2774 pater,
746 2688 823 2753 inde
850 2694 1060 2764 matoneum
1093 2689 1206 2773 paucis
1229 2690 1286 2753 ad-

234 2794 351 2868 missis,
379 2798 529 2856 tenentes
559 2813 679 2876 aquam
713 2791 877 2874 martyris.
936 2791 1115 2874 Martyrem
1149 2792 1286 2875 rogabat

234 2902 380 2978 uterque,
402 2895 460 2957 sed
485 2894 638 2977 lacryma}
661 2893 858 2978 perorabant
874 2893 1064 2976 utriusque3
1087 2914 1163 2956 nam
1188 2895 1285 2960 simul

234 3018 271 3061 ac
293 2995 383 3059 auris
406 2995 528 3059 stillam
552 2995 662 3070 sensit,
686 2994 811 3058 sanitas
834 2994 993 3079 provenit.

235 3230 316 3315 (38.)
339 3230 387 3294 De
409 3229 525 3295 clerieo
548 3229 679 3294 Pisano
702 3252 767 3316 quo
789 3230 831 3295 in
846 3238 994 3316 quotuor·
1011 3232 1175 3318 pcriordis
1191 3255 1283 3298 naar-

426 3338 532 3416 lprcm
558 3331 718 3396 Thoumna
737 3331 934 3418 pnopititmt
955 3333 1094 3399 idonea-it.

277 3487 445 3552 Jolrannes
468 3489 601 3572 quidam
634 3489 779 3565 Pisanus,
804 3510 878 3553 cum
911 3489 1030 3554 litteris
1058 3492 1093 3554 in
1117 3492 1242 3556 Gallias
1264 3513 1402 3571 aumas

232 3590 365 3654 domino
388 3611 474 3675 papa
497 3591 647 3666 directus,
664 3595 781 3674 eaptus
803 3597 854 3653 est
869 3590 958 3675 apud
981 3591 1106 3656 Urbem
1124 3594 1282 3672 Veterem,
1298 3579 1407 3695 fiffl‘gf

175 3718 179 3725 ·
231 3693 420 3776 accepitque
444 3692 532 3776 quod
555 3692 662 3776 capito
686 3691 877 3777 plectendus
900 3698 991 3769 esset,
1016 3694 1126 3778 siquid
1149 3662 1418 3761 habersuam&

229 3801 344 3859 contra
376 3793 605 3877 imperatorem
637 3798 697 3856 aut
729 3792 819 3856 urbis
851 3793 1050 3877 praesectum.
1098 3795 1196 3860 Undo
1220 3797 1281 3860 sibi
1296 3778 1428 3893 f¹e⁰r2¹gl¹¹¹l

230 3902 380 3960 metuens
403 3895 498 3959 vovit
529 3895 669 3978 martyri
693 3893 835 3958 Thomm.
883 3894 968 3959 Cum
1001 3897 1114 3981 itaque
1147 3899 1282 3963 circum-
1295 3859 1399 3959 bruno

230 4004 356 4062 starent
378 4019 452 4062 eum
477 3997 533 4081 qui
560 3997 752 4081 qurerebant
778 3997 923 4061 animam
946 3998 1025 4081 ejus,
1047 3999 1139 4065 lectis
1164 4001 1283 4064 litteris
1296 3977 1384 4092 {2¹02}

229 4099 505 4183 concaptivorum,
529 4119 595 4161 non
618 4103 697 4161 sunt
713 4097 833 4162 litters
855 4103 979 4183 apertas
1003 4121 1061 4183 pro
1077 4101 1197 4184 quibus
1220 4102 1282 4165 sibi

230 4198 412 4275 timebunt,¹
438 4200 588 4284 quamvis
620 4199 722 4265 oculis
756 4201 902 4264 omnium
936 4202 1101 4287 expositas
1161 4203 1284 4267 Videus

230 4325 307 4386 ergo
331 4302 419 4385 quod
434 4301 496 4365 sibi
521 4307 668 4386 parceret
691 4301 861 4376 Dominus,
883 4304 984 4387 ooepit
1006 4310 1040 4367 et
1063 4303 1132 4387 ipse
1157 4303 1284 4369 litteras

231 4405 389 4469 sociorum
413 4401 566 4487 legendos
590 4403 793 4479 distribuere,
817 4401 964 4487 clamque
980 4403 1108 4468 litteras
1131 4405 1193 4468 sibi
1216 4427 1284 4469 sus·

231 4511 340 4591 pactos
371 4525 514 4568 seorsum
546 4503 684 4587 projecit
707 4509 741 4567 et
771 4503 949 4569 abscondit.
1011 4505 1150 4590 Aliquot
1171 4514 1283 4572 autom

230 4607 345 4671 dicbus
378 4605 414 4668 in
437 4625 562 4669 carcere
594 4604 757 4679 detentus,
785 4610 820 4668 ot
850 4604 927 4668 indo
959 4603 1097 4670 Romam
1122 4608 1282 4682 remissus,

229 4729 303 4772 oum
334 4705 518 4790 aquodam
550 4703 771 4789 postularetur
800 4704 1023 4781 excoeeandus,
1050 4706 1181 4770 invenit
1210 4730 1282 4792 gra-

229 4810 309 4872 tiam
335 4808 369 4871 in
401 4812 576 4890 conspeetu
609 4806 763 4891 prrafecti,
787 4811 821 4870 et
853 4806 1006 4870 dimissus
1039 4807 1202 4891 profectus
1233 4816 1283 4874 est

228 4909 271 4973 ad
294 4906 537 4991 exsequendum
568 4906 762 4970 mandatum
785 4907 911 4971 domiui
943 4928 1045 4990 papm,
1070 4908 1282 4972 descendens-

231 5031 295 5096 que
328 5009 363 5072 in
396 5028 484 5072 marc
508 5005 685 5091 periclitari
719 5007 827 5090 empit.
884 5005 1128 5072 Confitentibus
1162 5012 1281 5089 nautis,

236 5164 455 5173 ——--—---

684 5245 691 5277 ¹
710 5244 829 5296 tinetas?
