3316 6240
359 760 422 820 238
570 834 576 846 ι
692 774 871 821 ericaeum
893 774 918 821 s.
942 774 1079 831 rueme,
1275 757 1352 839 [mu.
1370 773 1407 821 11.

358 958 442 1023 laevo
474 957 567 1023 oculo
599 958 682 1022 nihil
718 980 848 1045 prorsus
882 960 1025 1035 videbat,
1065 963 1100 1021 et
1136 957 1254 1020 dextro
1292 956 1406 1040 procul

358 1058 443 1122 nihil
467 1058 680 1124 discernebat.

276 1326 279 1331 ’
375 1321 454 1409 (75.)
479 1322 526 1387 Dc
547 1320 689 1387 mediore
712 1330 880 1408 percepset
898 1320 1208 1409 pcreprirretieaem
1229 1320 1384 1387 iaeerrit

790 1422 975 1489 cecitatem.

193 1600 326 1666 wimarga
404 1590 584 1676 Vvimarga
606 1591 646 1654 de
669 1590 750 1654 villa
774 1590 916 1654 Lutonia
946 1591 1135 1654 memoriam
1159 1590 1264 1654 sancti
1296 1590 1406 1675 Egidii

192 1667 315 1782 {ffi‘ss}
360 1714 492 1777 peregre
535 1692 740 1777 proficiscens
777 1692 935 1755 orationis
969 1712 1068 1756 causa
1105 1691 1253 1776 petierat.
1299 1691 1409 1755 ¹Unde

192 1798 323 1848 blindness
360 1820 434 1862 curn
464 1797 570 1861 multo
601 1796 709 1862 labore
733 1818 864 1860 reversa
886 1796 1029 1861 dolorem
1053 1797 1171 1881 capitis
1194 1802 1228 1860 et
1251 1796 1409 1860 damnum

192 1864 348 1993 ssffffiffl
360 1898 496 1962 visionis
519 1896 665 1963 incurrit.
713 1896 821 1961 Nemo
853 1902 1025 1961 moveatur
1055 1897 1091 1959 in
1122 1896 1320 1982 hujusmodi,
1354 1895 1409 1959 de-

192 1994 477 2111 gfiflgffimsistens
496 2020 517 2063 a
531 1999 617 2063 bene
639 1998 668 2061 si
692 1998 773 2082 quid
787 1998 858 2083 agit
881 1998 935 2062 vel
957 1998 1083 2083 incipit,
1108 1998 1187 2081 quia
1208 1998 1304 2061 audit
1326 1998 1409 2062 bene

194 2068 323 2187 (etima
360 2099 533 2184 agentibus
548 2098 635 2162 mala
650 2098 844 2183 temporalia
867 2099 1057 2183 provenire3
1079 2098 1137 2162 sed
1160 2098 1270 2181 potius
1292 2099 1408 2183 glorie·

193 2195 294 2257 venes).
361 2204 416 2262 tur
438 2198 474 2261 in
497 2198 647 2272 Domino,
670 2198 713 2261 ad
743 2196 837 2282 cujus
869 2203 1142 2282 superventuram
1164 2197 1310 2282 gloriam,
1334 2219 1408 2281 quae

360 2300 561 2367 revelabitur
575 2300 611 2362 in
633 2300 736 2375 nobis,
752 2320 818 2363 non
842 2304 920 2362 sunt
935 2299 1105 2384 condignae
1128 2298 1293 2382 passiones
1308 2298 1408 2383 hujus

360 2400 523 2487 temperis.
569 2399 812 2463 Tribulationes
834 2399 921 2464 enim
945 2420 1019 2482 qum
1046 2399 1140 2463 benis
1163 2399 1408 2484 superveniunt,

360 2525 382 2568 a
403 2502 535 2587 superni
551 2501 574 2565 J
575 2502 680 2566 udicis
695 2500 859 2565 sententia
875 2501 1062 2585 procedunt,
1079 2507 1139 2564 aut
1160 2505 1200 2563 ut
1222 2500 1410 2586 probentur,

362 2604 416 2668 vel
438 2610 477 2668 ut
499 2624 597 2687 opera
619 2601 681 2666 Dei
705 2602 740 2665 in
773 2602 820 2666 eis
851 2602 1110 2679 manifestentur,
1134 2607 1194 2667 aut
1224 2603 1267 2667 ad
1297 2602 1409 2667 remis-

363 2705 486 2769 sionem
509 2708 715 2789 peccatorum
738 2703 792 2767 vel
815 2703 858 2767 ad
881 2703 1063 2768 custodiam
1087 2703 1258 2767 virtutum.
1291 2702 1410 2768 Tobiae

363 2810 565 2869 mertuorum
598 2803 767 2888 sepultura
803 2802 942 2887 aliisque
976 2803 1128 2888 operibus
1159 2803 1411 2868 misericorditer

362 2906 519 2991 impensis
541 2906 581 2971 de
604 2905 675 2970 Deo
701 2906 784 2969 bene
817 2905 1028 2981 demeruerat,
1052 2912 1087 2969 et
1117 2911 1229 2970 tamen
1262 2907 1409 2971 cecitate

362 3008 538 3073 damnatus
572 3012 629 3071 cst.
677 3005 765 3071 Sunt
802 3011 836 3070 et
869 3004 927 3071 alii
958 3005 1139 3090 complures
1161 3007 1319 3092 exemplo,
1351 3008 1408 3091 qui

362 3110 479 3175 merito
509 3110 590 3174 vitre
623 3108 814 3172 viventibus
844 3108 995 3192 exempla
1025 3108 1123 3171 fuere.
1181 3110 1265 3173 Cum
1297 3110 1409 3193 itaque

362 3211 480 3275 mulier
502 3209 660 3295 puedicta
676 3231 735 3273 sex
757 3229 860 3273 annos
882 3208 1034 3272 tenebras
1056 3208 1223 3273 oculorum
1246 3208 1411 3293 patienter

364 3310 580 3387 sustinuisset,
611 3332 669 3395 per
702 3331 853 3374 somnum
884 3309 1105 3374 venerabilem
1128 3331 1299 3394 persenam
1322 3310 1410 3373 vidit

364 3412 426 3475 sibi
442 3410 694 3497 praecipientem,
719 3410 810 3475 “Dic
825 3410 957 3495 Pagano
980 3410 1139 3475 sacerdoti
1157 3415 1215 3474 tuo
1230 3415 1269 3473 ut
1292 3410 1332 3475 de
1359 3432 1408 3474 re-

365 3519 382 3545 “
404 3510 515 3595 liquiis
538 3510 643 3576 sancti
666 3509 800 3574 Thomae
823 3509 914 3595 prius
941 3509 1042 3575 oculis
1074 3509 1149 3585 suis,
1173 3515 1303 3594 etpost
1334 3511 1409 3585 tuis,

366 3620 382 3645 “
404 3610 567 3687 infundat,
583 3616 623 3673 ut
644 3609 756 3675 lumen
778 3610 942 3695 recipias.”
988 3609 1104 3674 Paruit
1129 3610 1247 3674 mulier
1269 3610 1409 3695 impora-

364 3714 416 3777 tis.
462 3712 617 3778 Sacerdos
639 3718 750 3777 autem
773 3734 813 3777 ea
834 3733 921 3797 aqua
947 3712 1113 3777 communi
1145 3734 1250 3797 quam
1268 3712 1409 3799 peregri-

364 3820 480 3879 nantes
511 3812 715 3878 cireumserre
746 3813 851 3876 solent
884 3834 952 3876 rem
985 3819 1158 3877 exsecutus
1188 3819 1245 3889 est,
1279 3820 1313 3877 et
1344 3835 1411 3877 non

364 3914 516 4000 provenit
538 3916 679 3990 effeetus
696 3935 733 3977 eo
749 3913 836 3997 quod
852 3934 943 3977 secus
959 3934 1056 3997 quam
1076 3913 1207 3998 jussum
1222 3914 1410 3979 estfactum

364 4022 421 4079 est.
467 4014 566 4078 Unde
589 4035 664 4079 cum
688 4020 762 4098 post
785 4013 932 4077 triduum
955 4013 1094 4077 uidisset
1108 4034 1181 4077 eam
1203 4034 1270 4077 non
1293 4014 1410 4077 melius

364 4114 548 4188 habentem,
564 4113 613 4177 ait
636 4114 675 4188 ei,
692 4112 825 4178 “Video
848 4113 936 4198 qued
959 4114 1106 4177 nondum
1130 4113 1231 4189 vides,
1248 4134 1322 4178 eum
1347 4113 1409 4177 tibi

365 4223 382 4249 “
405 4214 521 4280 ductor
557 4213 681 4277 haereat
717 4214 811 4298 eujus
848 4235 916 4279 non
947 4220 1040 4298 potes
1073 4235 1181 4279 carere
1225 4214 1411 4301 regimine.’'

364 4314 554 4402 Respondit,
581 4324 596 4347 “
609 4314 662 4377 Me
697 4314 866 4379 miseram!
898 4316 926 4379 si
950 4337 1019 4379 rem
1042 4336 1081 4379 eo
1103 4315 1217 4379 ordine
1240 4340 1304 4401 quo
1328 4338 1410 4401 pue

364 4428 380 4453 “
403 4424 498 4504 cepta
520 4423 570 4480 est
593 4420 782 4500 prosecutus
804 4415 928 4491 fuisses,
946 4417 1050 4491 credo,
1066 4417 1217 4481 tenebras
1241 4440 1329 4483 meos
1344 4420 1411 4484 Do-

364 4530 381 4553 “
403 4520 511 4583 minus
545 4517 781 4594 illuurinasset;
807 4518 895 4599 quod
918 4518 998 4600 quia
1020 4519 1167 4582 nondum
1198 4519 1322 4584 factum
1353 4526 1410 4595 est,
