3316 6240
373 775 437 839 336
707 788 889 838 aruncum
912 792 936 839 s.
961 790 1099 851 rnours,
1280 774 1357 859 [ms.
1376 794 1421 842 1v.

417 969 473 1035 Sic
495 970 602 1033 tribus
625 970 768 1035 decursis
792 971 966 1048 mensibus,
990 993 1064 1036 cum
1088 971 1215 1036 civibus
1238 971 1420 1038 Eboracen-

372 1070 463 1134 sibus
497 1071 586 1136 ultra
617 1072 806 1137 cohabitare
853 1095 919 1138 non
968 1073 1222 1158 permitteretur,
1269 1077 1420 1160 quamvis

372 1195 516 1239 seorsum
532 1196 668 1239 manens
691 1175 725 1238 in
749 1175 906 1240 suburbio
932 1176 1193 1241 communionem
1217 1178 1362 1254 vitasset,
1379 1200 1421 1241 ex

371 1278 590 1344 conventione
606 1300 627 1344 a
648 1279 807 1344 fratribus
829 1278 1015 1363 colleprosis
1034 1280 1181 1345 obtinuit
1197 1287 1236 1344 ut
1257 1281 1292 1344 in
1308 1304 1419 1346 eorum

370 1380 527 1444 transiret
560 1380 768 1445 consortium.
826 1380 962 1445 Poterat
989 1380 1060 1469 jam
1094 1382 1134 1445 de
1165 1383 1292 1447 ratione
1314 1384 1420 1468 judex

373 1480 585 1547 Eboracensis
619 1484 713 1569 argui
745 1482 832 1567 quod
867 1482 1034 1548 remissam
1067 1485 1110 1548 ad
1136 1506 1170 1549 se
1193 1506 1323 1550 causam
1355 1508 1420 1550 non

371 1585 583 1662 examinaret,
596 1585 639 1650 ad
654 1584 749 1669 cujus
764 1585 872 1647 forum
885 1585 1062 1670 spectabat.
1110 1587 1165 1651 lln
1180 1588 1216 1650 in
1232 1587 1419 1652 remissione

372 1688 509 1753 sanandi
544 1688 655 1752 fratris
678 1691 806 1752 veteres
829 1687 901 1772 jam
924 1689 1138 1774 sopiebantur
1172 1691 1362 1765 inimicitiae,
1386 1698 1420 1755 et

370 1790 478 1856 foctrrs
500 1795 551 1855 est
576 1791 717 1874 martyri
733 1790 861 1854 Pilatus
884 1791 1010 1858 amicus
1034 1792 1068 1855 in
1092 1792 1150 1857 illa
1172 1792 1233 1869 die,
1251 1800 1290 1858 ut
1312 1794 1418 1878 legato

370 1893 570 1978 primatique
592 1914 650 1957 suo
674 1893 807 1957 tandem
832 1893 1105 1979 metropolitanus
1122 1894 1281 1973 deien·ct;
1304 1895 1419 1980 majori

370 1997 551 2082 cognitioni
582 1996 741 2060 minorem
776 1996 891 2061 nolens
924 1997 1162 2082 praejudicare?
1219 1998 1352 2063 Poterat
1385 2005 1420 2063 et

370 2099 510 2183 martyri
541 2098 722 2164 malevolus
745 2097 925 2177 insultare;
960 2097 1269 2183 poteratcynicus1
1293 2100 1417 2165 obtrec-

370 2204 459 2263 tator
484 2199 648 2265 coelestem
682 2199 904 2265 innocentiam
937 2199 1165 2284 obloquiorum
1195 2201 1332 2266 maculis
1362 2201 1417 2265 ob-

369 2300 504 2379 fuscare,
538 2324 613 2368 cum
652 2303 780 2367 rediens
817 2323 904 2389 aeger
934 2302 978 2365 eb
1011 2303 1158 2367 oratioue
1190 2302 1287 2367 vultu
1326 2303 1419 2367 fieret

369 2404 527 2488 abjectior
564 2410 599 2469 et
636 2410 734 2470 statu.
797 2403 863 2468 Sed
901 2403 980 2468 dum
1019 2405 1208 2470 mendicans
1245 2406 1417 2490 pecuniam

369 2512 553 2592 corrogaret
575 2506 741 2591 praedictis
772 2505 929 2571 fratribus
951 2505 1157 2591 erogandam,
1180 2511 1215 2571 et
1241 2508 1329 2592 quod
1351 2528 1418 2571 non

370 2606 514 2673 habebat
547 2607 673 2670 viritim
712 2607 921 2692 perquireret,
954 2607 1080 2692 placuit
1113 2608 1246 2672 domino
1283 2609 1418 2693 primati

371 2709 414 2774 ad
436 2708 638 2775 auditorium
661 2730 758 2772 suum
787 2706 880 2772 litem
912 2729 1012 2792 quam
1045 2709 1303 2793 praescripsimus
1325 2731 1416 2774 revo-

226 2872 229 2877 .
268 2892 271 2897 g
370 2832 451 2888 care,
489 2834 531 2877 ne
563 2832 655 2876 mora
692 2810 850 2895 prolixior
887 2810 931 2875 ad
969 2832 1004 2875 se
1042 2811 1225 2895 periculum
1264 2812 1416 2878 traheret.

370 2914 480 3000 Igitur
501 2934 595 3000 aeger,
612 2913 751 2977 interme
775 2911 1000 2997 inspirationis
1022 2913 1141 2977 nuntio
1164 2913 1292 2989 citatus,
1316 2935 1359 2978 ne
1381 2913 1417 2977 in

370 3017 562 3083 consistorio
585 3016 693 3081 alieno
709 3015 866 3079 immunis
882 3021 916 3101 ct
939 3015 1052 3081 vacuis
1068 3015 1221 3081 menibus
1236 3021 1416 3100 appareret,

370 3120 428 3206 qui
451 3119 504 3185 vel
527 3119 597 3185 sola
612 3124 723 3184 mente
746 3119 873 3204 placere
897 3124 1034 3203 poterat,
1058 3140 1231 3182 nummum
1256 3140 1357 3182 unum
1381 3119 1417 3183 in

340 3220 342 3225 ’
369 3222 523 3287 exenium
547 3220 765 3306 complicavit,
790 3225 824 3284 et
855 3218 969 3285 abiens
993 3219 1208 3284 Cantuariam
1231 3220 1416 3305 repedabat.

370 3322 536 3387 Praevenit
558 3328 670 3387 autem
689 3322 795 3406 judex
828 3321 1024 3397 venientem,
1049 3342 1107 3406 pro
1130 3321 1287 3387 beneficio
1319 3322 1416 3386 benc·

369 3424 488 3499 tioium,
513 3447 571 3509 pro
594 3445 728 3488 munere
750 3445 879 3500 munus,
895 3422 1094 3507 impendens.
1142 3422 1186 3486 Et
1208 3444 1249 3487 ne
1265 3423 1301 3486 in
1317 3423 1417 3508 priori

370 3526 578 3593 deformitate
588 3527 775 3592 reverendis
790 3526 961 3590 obtutibus
977 3530 1113 3590 vocatus
1131 3531 1311 3610 appareret,
1322 3547 1416 3590 nares

370 3629 440 3714 ejus
476 3631 628 3694 loetentrs
673 3629 779 3694 tribus
822 3629 974 3694 noctibus
1011 3628 1172 3703 emunxit,
1222 3627 1416 3713 sanguinem

369 3732 502 3799 eliciens
525 3753 628 3818 usque
658 3731 702 3796 ad
736 3736 903 3795 tumorum
935 3735 969 3794 et
1003 3729 1155 3793 tuberum
1188 3730 1335 3794 omnium
1366 3751 1415 3793 rc-

368 3837 574 3922 pressionem.
631 3835 750 3901 Manus
784 3835 937 3900 incurvas
971 3832 1123 3897 extendit
1158 3832 1202 3897 ad
1233 3832 1415 3898 taciendam

368 3941 637 4008 benedictionem.
683 3938 875 4005 Fruticante
891 3936 958 4023 pilo
980 3958 1081 4023 genas
1103 3941 1138 4001 et
1153 3941 1253 4020 caput
1275 3935 1414 4010 ornavit,

368 4046 501 4109 vidturn
523 4045 673 4112 novitate
696 4043 782 4109 cutis
805 4042 978 4108 serenavit.
1026 4040 1087 4105 Ille
1110 4039 1220 4126 igitur,
1244 4059 1317 4103 cum
1342 4043 1415 4103 tan-

368 4147 443 4215 dem
475 4170 606 4214 emenso
629 4147 747 4212 itinere
780 4168 854 4212 cum
886 4145 1111 4231 compatriotis
1145 4148 1181 4209 ct
1210 4142 1416 4209 convicaneis

367 4253 435 4317 suis
465 4252 601 4318 veniens
631 4251 813 4316 videndum
851 4271 885 4315 se
919 4254 1140 4335 praesentaret,
1174 4267 1241 4312 non
1272 4245 1358 4312 sicut
1380 4246 1416 4308 in

367 4355 474 4440 primo
512 4356 659 4420 adventu
698 4352 840 4419 latebras
878 4373 1028 4437 quaerens
1066 4357 1100 4416 et
1138 4350 1245 4415 lucem
1276 4349 1413 4434 fugiens,

367 4456 489 4521 meruit
511 4455 646 4520 miranti
677 4453 798 4540 populo
830 4452 1050 4538 spectaculum
1083 4450 1175 4529 fieri;
1205 4471 1282 4515 nam
1306 4449 1417 4534 potuit

368 4580 410 4624 cx
432 4559 582 4624 novitate
605 4558 657 4623 sui
679 4578 746 4624 non
770 4557 857 4621 idem
881 4555 939 4640 qui
961 4556 1079 4631 fuerat,
1103 4554 1160 4619 sed
1183 4553 1275 4630 alter,
1299 4551 1413 4617 videri.

417 4733 425 4766 ¹
444 4735 547 4795 ciuicae,
560 4735 655 4785 altered
666 4740 693 4784 to
705 4733 800 4784 eculeus
814 4729 941 4796 (possibly
952 4730 1070 4783 intended
1080 4729 1121 4781 ior
1131 4730 1255 4791 cociacus)
1270 4728 1296 4778 iu
1307 4727 1362 4781 MS.
