3316 6240
396 746 462 810 320
729 760 909 809 lernaeum
932 762 956 809 s.
981 762 1119 823 ruens,
1305 748 1383 831 [mu.
1401 763 1447 813 ιν.

396 947 517 1024 bertus,
541 948 645 1013 sciens
668 969 709 1012 ex
731 948 888 1013 beneficio
911 950 1068 1036 martyris
1082 951 1144 1016 hoe
1159 951 1298 1016 verbum
1320 974 1447 1037 proees-

396 1048 483 1113 sisse.
531 1048 640 1135 Igitur
663 1048 812 1114 exhibito
835 1051 942 1116 loculo
965 1052 1205 1138 interrogatum
1228 1059 1279 1118 est
1301 1054 1382 1137 quid
1414 1060 1448 1119 et

396 1155 558 1234 quantum
596 1150 724 1216 inesset.
771 1151 954 1237 Respondit
984 1154 1038 1218 vir
1074 1153 1239 1239 praefatus,
1271 1155 1449 1235 “Quatuor

397 1258 414 1286 “
435 1252 516 1316 seris
549 1252 742 1317 obfirmatus
775 1258 869 1332 erat3
898 1275 970 1319 eece
1005 1255 1113 1320 claves
1136 1277 1257 1321 earum.
1304 1255 1448 1343 Corrigi·

396 1359 414 1387 “
436 1374 530 1418 arum
546 1374 647 1418 unam
662 1353 831 1439 praecisam
848 1355 1019 1441 conspicio,
1036 1356 1093 1420 sed
1108 1357 1236 1422 confido
1252 1357 1288 1421 in
1303 1357 1447 1423 Domino

397 1462 413 1488 “
436 1455 516 1539 quia
530 1461 662 1521 sanetus
678 1456 735 1540 qui
751 1456 917 1540 perditum
933 1457 1076 1522 forulum
1092 1459 1239 1524 restituit
1253 1460 1397 1545 reposita
1413 1461 1446 1524 in

397 1556 578 1621 “solidum
612 1556 818 1622 custodivit.”
876 1557 985 1645 Igitur
1016 1581 1076 1624 sua
1113 1560 1269 1647 suffragio
1292 1564 1448 1647 martyris

396 1662 606 1743 receperunt;
628 1658 686 1743 qui
709 1661 743 1722 et
765 1679 890 1724 marcas
913 1666 986 1725 octo
1009 1661 1251 1745 quaestionariis
1273 1665 1447 1749 promissas

396 1758 440 1823 ed
462 1758 564 1823 trium
587 1757 871 1844 acceptilationem
894 1760 1098 1827 moderatam
1121 1763 1285 1848 perduxit.

420 2007 476 2094 (8.)
501 2007 548 2075 De
581 2006 699 2075 uoto
721 2006 785 2093 qud
807 2005 972 2094 spondeum
1000 2007 1092 2075 beato
1114 2006 1244 2075 lleenue
1265 2030 1399 2076 umacus

728 2131 778 2177 eu.
794 2109 949 2196 perditem
967 2109 1109 2177 incenit

226 2244 284 2296 'st‘
441 2248 590 2317 Clericus
605 2250 748 2335 quidam,
773 2250 937 2335 Augensis
959 2250 1135 2316 eomitissre
1159 2251 1316 2327 notarius,
1350 2251 1445 2337 quin-

227 2318 346 2429 m..
395 2352 499 2418 decim
523 2373 648 2418 mareas
670 2351 776 2417 forulo
799 2373 858 2417 suo
881 2350 1070 2427 crediderat,
1095 2351 1152 2436 qui
1176 2352 1288 2438 lapsus
1310 2374 1331 2418 a
1352 2375 1445 2418 man-

226 2451 353 2561 ssgoffl
394 2454 462 2520 tiec
488 2454 678 2539 jumentum
710 2473 815 2529 onere,
839 2451 1017 2517 delatorem
1052 2453 1259 2537 possessione,
1283 2453 1445 2519 destituit.

194 2636 197 2645 Ι
225 2556 582 2643 rutmomyndvertens
604 2559 716 2619 autem
751 2557 826 2638 post
858 2552 999 2618 multum
1022 2553 1112 2618 viam
1147 2554 1235 2639 quod
1272 2555 1445 2631 acciderat,

395 2656 581 2740 timensque
596 2660 671 2740 post
693 2654 852 2719 damnum
866 2675 962 2717 suum
986 2654 1087 2719 etiam
1110 2653 1278 2719 laesionem
1300 2655 1445 2721 nominis

395 2764 430 2824 et
459 2762 573 2823 notum
608 2755 824 2832 infidelitatis,
859 2776 933 2840 quae
969 2754 1064 2821 facile
1086 2755 1231 2822 creditur
1262 2756 1298 2820 in
1329 2756 1445 2842 hujus-

394 2859 493 2937 modi,
531 2857 628 2923 vovit
658 2857 756 2922 beate
789 2856 923 2921 Thomae
958 2877 1101 2922 marcam
1137 2878 1246 2933 unam,
1281 2856 1309 2921 si
1347 2858 1444 2943 quin·

394 2962 500 3029 decim
538 2960 685 3047 perditas
718 2959 784 3024 sibi
815 2958 911 3024 daret
943 2958 1101 3023 invenire.
1148 2958 1250 3025 Facto
1273 2964 1352 3024 voto
1387 2982 1446 3045 per

393 3064 531 3129 eandem
554 3063 644 3127 viam
666 3060 847 3146 rediitque
869 3066 1014 3137 venerat,
1038 3061 1109 3127 leea
1123 3060 1255 3147 singula
1269 3060 1446 3147 diligenter

393 3166 596 3251 perlustrans
618 3184 693 3248 quae
715 3166 867 3247 suspecta
900 3161 1049 3245 putabat.
1096 3160 1141 3226 Et
1172 3182 1240 3227 non
1262 3161 1443 3239 inveniens,

388 3267 461 3353 jam
493 3265 652 3331 inclinata
682 3263 744 3341 die,
778 3261 959 3327 declinavit
996 3261 1040 3326 ad
1077 3261 1217 3327 militem
1249 3262 1444 3328 familiarem

393 3366 458 3431 sibi
480 3366 517 3430 in
539 3365 671 3452 regione
694 3362 862 3429 Sussessia
883 3368 1071 3427 manentem
1083 3386 1092 3441 ;
1106 3363 1159 3429 cui
1176 3368 1210 3429 et
1225 3362 1388 3430 indicavit
1403 3365 1444 3429 de

394 3468 515 3533 (lemno
548 3487 616 3543 suo,
651 3485 770 3551 rogans
802 3468 842 3527 ut
875 3484 1015 3548 puerum
1046 3485 1155 3530 seeum
1195 3465 1441 3531 transmitteret

394 3568 583 3657 Spopondit
604 3590 639 3633 se
661 3567 771 3654 ipsum
794 3566 956 3633 comitem.
1003 3565 1113 3651 Igitur
1134 3587 1231 3631 manc
1254 3567 1443 3653 relegentes,

393 3677 428 3737 et
465 3670 559 3757 quasi
603 3668 792 3754 quindecim
839 3665 995 3731 milliaria
1038 3671 1254 3745 transcuntes,
1293 3668 1443 3734 ducentis

392 3774 521 3841 circiter
542 3771 733 3837 hominibus
756 3768 870 3834 ecdem
886 3769 942 3833 viu
957 3768 1076 3832 itinere
1091 3768 1235 3853 pedestri
1251 3774 1286 3834 et
1300 3770 1443 3855 equestri

393 3873 670 3964 praetereuntibus
694 3875 913 3939 occurrerunt.
960 3868 1107 3935 Tandem
1131 3870 1184 3934 die
1207 3892 1249 3934 ex
1272 3877 1365 3956 parte
1388 3871 1444 3935 de-

391 4000 487 4046 cursa
523 3976 668 4044 loculum
706 3971 955 4039 transeuntibus
993 3971 1145 4036 omnibus
1183 3972 1369 4058 expositum
1409 3973 1443 4036 in

391 4080 501 4146 media
523 4079 580 4144 via
602 4080 801 4164 repererunt,
825 4074 925 4161 planu
957 4079 993 4139 ct
1023 4074 1195 4159 perspicua
1218 4095 1285 4159 pne
1319 4073 1444 4139 foribus

392 4184 509 4250 domus
532 4181 632 4245 unius
654 4199 753 4265 quam
777 4197 872 4241 nemo
896 4176 1049 4241 introiret
1071 4175 1124 4241 vel
1159 4176 1266 4241 exiret
1301 4177 1359 4262 qui
1382 4176 1442 4243 eir-

393 4308 469 4352 cum
497 4282 646 4371 jacentia
679 4302 747 4367 prae
779 4278 882 4345 oeulis
919 4299 985 4342 non
1017 4278 1162 4355 haberet,
1196 4277 1292 4345 cu1n¹
1316 4284 1443 4363 martyr

391 4387 526 4453 interim
564 4383 674 4452 oeulos
704 4380 852 4447 omnium
890 4384 1025 4457 teneret,
1065 4379 1179 4445 volens
1212 4386 1386 4445 voventem
1409 4384 1443 4444 et

390 4488 610 4555 confidentem
634 4486 669 4549 in
692 4506 727 4549 se
750 4483 936 4548 indemnem
959 4503 1158 4548 conservare.

783 4715 790 4747 ¹
808 4712 946 4767 Interliued
957 4712 984 4763 in
995 4710 1053 4765 MS.
