3316 6240
372 759 437 821 428
703 773 881 823 Minaeum
904 776 929 824 s,
952 775 1095 834 anona·
1279 760 1358 843 [na.
1374 775 1420 821 vr.

270 964 273 971 ’
371 971 391 1001 “
414 969 524 1028 vestra
546 963 752 1028 confessurus
775 971 832 1029 est.
865 964 959 1029 Nihil
976 965 1090 1048 itaque
1113 962 1209 1027 nobis
1225 962 1302 1026 inde
1325 962 1420 1026 dubi-

372 1074 388 1099 “
412 1065 549 1129 tationis
586 1072 646 1129 aut
685 1066 809 1130 clericis
850 1066 971 1131 nestris
1003 1065 1153 1130 relictum
1201 1070 1259 1140 est,
1299 1064 1419 1148 quibus

371 1176 388 1200 “
411 1167 567 1231 restituta
601 1169 635 1230 in
658 1167 747 1233 hunc
771 1169 903 1232 modum
928 1175 962 1232 et
985 1167 1086 1232 oculis
1110 1168 1252 1250 contigit
1275 1167 1419 1251 aspicere

371 1279 387 1303 “
410 1268 626 1352 manibusque
650 1269 789 1354 palpare.
822 1269 940 1334 Valeat
955 1270 990 1332 in
1006 1276 1201 1355 perpetuum
1218 1274 1328 1332 vestra
1343 1268 1418 1331 sub-

371 1380 388 1405 “
409 1368 560 1434 limitas.''

675 1580 753 1664 (15.)
779 1578 865 1645 Alio
887 1579 1104 1664 confinitate).

200 1734 295 1786 verses
306 1752 340 1785 on
440 1728 540 1784 Sensit
557 1746 641 1799 opem
660 1729 778 1784 Thomas
796 1729 921 1784 Thomas
939 1728 1009 1783 dum
1028 1728 1159 1784 condidit
1177 1747 1275 1791 erum3

200 1801 312 1852 ‘hullt
440 1811 471 1867 Si
490 1829 548 1866 nen
566 1811 713 1877 sensisset,
733 1813 824 1868 vitam
844 1812 977 1867 duxisset
995 1830 1132 1866 amaram.
1233 1811 1239 1819 “

439 1896 484 1950 Ob
503 1897 613 1950 lectum
631 1898 690 1951 vile
709 1897 795 1951 miles
815 1897 886 1950 furit
904 1902 992 1967 atque
1011 1895 1097 1949 virile

437 1978 575 2035 Abscidit
592 1979 698 2045 cultro,
718 1979 769 2035 sed
787 1985 899 2050 martyr·
917 1980 1052 2035 subvenit
1070 1979 1155 2033 ultro.

199 1866 261 1930 jeu.

661 2194 740 2277 (16.)
766 2193 885 2259 Altera
906 2192 1125 2277 confirmatio.

437 2348 498 2401 Ara
515 2348 549 2401 fit
567 2365 584 2402 a
603 2347 714 2402 Thema
731 2347 850 2402 Thomas
860 2371 869 2414 3
894 2348 1020 2403 Thomas
1039 2348 1110 2420 quia
1127 2349 1247 2404 Thema

437 2432 491 2487 Est
508 2437 644 2503 operatus
663 2450 744 2503 epus,
764 2433 892 2504 repperit
909 2433 972 2503 ejus
990 2451 1084 2503 opem.

436 2514 504 2569 Non
521 2520 561 2579 te,
582 2531 670 2585 prava
688 2533 801 2578 manns,
820 2516 925 2586 puduit
943 2532 1074 2570 resecem
1092 2516 1228 2587 pudenda
1234 2540 1243 2580 3

436 2598 505 2652 Non
523 2597 637 2668 puduit,
658 2598 710 2653 sed
727 2616 805 2653 nnnc
823 2617 881 2653 non
900 2599 1040 2670 puduisse
1059 2599 1156 2671 pudet.

438 2680 513 2735 (lum
531 2680 671 2735 Themam
690 2682 815 2737 Thomas
833 2682 981 2747 inclamat,
1001 2682 1123 2752 abyssus
1141 2683 1297 2753 abyssum¹

437 2763 568 2828 Invocat,
588 2763 712 2819 illimem
730 2765 856 2829 turbida,
876 2766 945 2820 laess
964 2766 1051 2836 piem,

437 2845 584 2900 Sublustri
603 2846 728 2902 rutilans
747 2847 848 2902 allusit
865 2846 985 2918 abyssus
1004 2849 1118 2918 abysso,

436 2930 523 2995 Oura,
541 2935 618 2986 teste
636 2949 720 2995 nova,
740 2932 942 3002 testiculisque
960 2933 1052 2987 nevis.

435 3013 518 3082 Quod
536 3019 648 3083 martyr
664 3014 782 3085 penitus
801 3015 832 3069 in
850 3022 978 3086 martyre
995 3033 1078 3087 paene
1095 3016 1244 3080 reformat,

435 3098 540 3153 Dicere
559 3099 632 3163 laus,
653 3100 745 3170 pietas
764 3100 848 3163 scire,
868 3098 966 3154 videre
984 3100 1087 3170 pudor.

436 3181 498 3236 Sub
516 3183 612 3252 speeie
630 3183 765 3237 monachi
784 3182 967 3247 monachum,
987 3184 1040 3238 sub
1059 3183 1185 3254 imagine
1204 3183 1299 3239 carnis

435 3264 558 3319 Carnem
576 3264 693 3329 ferma—t,
713 3282 780 3319 eum
799 3265 944 3336 suggerit,
964 3266 1062 3336 explet
1082 3282 1156 3321 sam.

436 3347 484 3421 Sic
503 3347 587 3402 affert
605 3353 635 3401 et
654 3347 695 3402 sic
713 3348 798 3402 offert
816 3347 977 3402 membrum
996 3348 1200 3403 monachatum

435 3429 476 3484 Ut
494 3433 598 3484 neuter
615 3446 685 3484 cura
702 3429 877 3485 destituatur
895 3431 989 3485 homo.

436 3510 528 3578 Quam
548 3511 631 3581 quasi
649 3511 685 3566 de
703 3512 816 3584 superis
834 3529 950 3567 carnem
969 3513 1020 3567 dat
1038 3513 1158 3584 spiritus
1177 3514 1283 3568 exhinc

436 3593 564 3648 Dedecet
581 3594 613 3648 in
630 3612 749 3650 earnem
767 3595 863 3650 carnis
881 3595 955 3650 inire
973 3596 1076 3650 vicem.

376 3804 455 3889 (17.)
479 3803 613 3871 Litteras
638 3803 859 3870 Tantonenee‘e
881 3789 1017 3869 ecclesus
1033 3803 1072 3868 dc
1095 3803 1221 3889 &proso
1236 3801 1412 3868 meruleto.

194 3972 284 4024 Letter
411 3961 626 4046 “Stephanus
660 3960 769 4025 dietus
813 3959 903 4044 prior
926 3958 1144 4024 'santonensis
1190 3958 1341 4033 eeclesiae,
1380 3963 1415 4021 et

194 4038 264 4169 {¹⁸3ss
273 4039 323 4156 ἓξ
366 4072 382 4097 “
405 4063 542 4126 humilis
565 4062 712 4147 ejusdem
735 4061 797 4126 loci
821 4066 1012 4136 conventus,
1028 4060 1180 4125 omnibus
1202 4059 1354 4123 fidelibus
1376 4059 1413 4122 in

194 4171 328 4222 monksof
365 4173 381 4199 “
405 4164 538 4230 Christe
561 4163 689 4227 dilectis
705 4163 747 4226 ad
771 4184 852 4246 quos
876 4161 996 4226 litterae
1012 4161 1084 4226 istae
1101 4161 1310 4246 pervenerint
1325 4159 1411 4224 salu-

194 4238 350 4354 tiifflss'
364 4276 381 4301 “
404 4272 472 4333 tem
496 4271 530 4331 et
553 4266 716 4331 orationes
739 4267 775 4329 in
799 4265 940 4332 Christe,

194 4370 249 4420 ola
411 4368 581 4433 “Noverit
614 4368 803 4433 fraternitas
835 4371 946 4431 vestra
977 4366 1066 4431 hunc
1089 4367 1223 4430 fratrem
1261 4371 1412 4431 nestrum

193 4437 303 4561 lim,
365 4479 380 4504 “
405 4470 428 4534 J
429 4471 600 4547 ohannem,
617 4471 754 4535 laterem
767 4468 988 4554 pnaeseutium,
1000 4468 1055 4531 diu
1070 4468 1227 4531 internos
1243 4467 1278 4530 in
1294 4467 1412 4533 habitu

194 4567 349 4636 uomurng.

374 4642 579 4653 ,,...........-.
592 4624 912 4659 --4------—›-
934 4639 1022 4645 --.-..
1039 4638 1123 4645 .-.-
1141 4637 1408 4645 ..-.-......

661 4738 668 4770 ¹
686 4738 792 4799 abyssis,
804 4737 860 4787 MS.
875 4738 932 4799 (l's.
944 4736 989 4785 xli.
1003 4741 1026 4793 8,
1039 4737 1111 4796 Lat.)
