3316 6240
372 724 416 785 42
754 734 836 781 vrrs
859 734 886 781 s,
909 733 1047 793 moun,

373 924 409 985 in
441 942 487 997 ca,
511 928 604 985 reste
634 920 775 987 candida
804 919 941 985 indutus
973 920 1061 985 linea
1086 925 1120 985 et
1150 920 1226 997 lata,
1249 920 1428 1007 caudisque

373 1021 519 1106 vulpinis
542 1028 701 1105 tanquam
724 1019 842 1085 sertis¹
872 1027 973 1105 caput
995 1022 1130 1087 cinctus.
1178 1021 1257 1087 Non
1279 1022 1427 1089 cessabat

372 1130 484 1187 autem
506 1122 640 1207 sanguis
671 1143 769 1206 super
799 1142 875 1187 eum
907 1121 1074 1199 distillare,
1107 1122 1186 1207 quia
1220 1124 1344 1201 domus,
1372 1128 1426 1189 ut-

373 1230 449 1308 pote
485 1222 612 1288 deserto
646 1220 739 1299 loc0‚²
771 1228 861 1287 sarta
896 1227 985 1288 tecta
1017 1244 1085 1288 non
1119 1222 1271 1300 habebat,
1304 1244 1428 1309 perque

373 1323 593 1408 dependentes
624 1324 744 1389 caudas
771 1322 925 1408 vulpinas
960 1323 1126 1389 defluebat
1157 1324 1192 1387 in
1214 1326 1325 1389 sinum
1346 1326 1426 1411 ejus

372 1424 523 1509 Cumque
545 1425 655 1488 sinum
678 1430 712 1489 et
734 1424 868 1489 sinuosa
881 1424 1052 1489 volumina
1067 1422 1194 1489 vcstis³
1215 1426 1427 1511 implevisset,

372 1526 508 1591 refluere
530 1528 639 1611 coepit,
663 1532 755 1591 etos
778 1527 849 1612 ejus
872 1528 973 1591 otiam
995 1526 1168 1591 abundans
1191 1526 1350 1613 implevit.

374 1748 454 1833 (33.)
472 1748 643 1833 [Peruenit
655 1748 796 1815 Thoricos
810 1748 853 1815 in
861 1746 953 1833 fugo
968 1747 1016 1813 od
1029 1748 1183 1815 eirumS.
1194 1746 1429 1833 Aeniorum?

204 1898 260 1977 Tne
271 1901 343 1951 arch·
418 1891 575 1975 Egressus
597 1892 708 1975 itapue
741 1889 781 1953 de
815 1889 885 1953 loco
917 1889 1112 1965 certaminis,
1140 1889 1229 1975 apud
1263 1888 1428 1974 quendam

204 1967 309 2095 22¹}ssss
372 1992 566 2057 heremitam
589 1992 682 2075 quasi
706 1991 776 2055 dies
799 1991 865 2067 vii,
890 1996 924 2055 ct
947 1991 1023 2055 inde
1039 1991 1160 2075 pressim
1183 2013 1242 2076 per
1264 1996 1427 2057 monaste·

205 2108 233 2149 to
243 2070 306 2175 the*
373 2092 423 2157 ria
446 2092 646 2168 delitescens,
662 2091 796 2155 tandem
819 2091 855 2154 in
878 2089 988 2176 fragili
1012 2090 1132 2175 scapha
1154 2112 1176 2155 a
1197 2096 1294 2175 portu
1319 2090 1430 2155 Sand-

204 2166 319 2289 {fflh
374 2194 478 2259 uico⁵
509 2194 648 2257 duorum
680 2191 884 2257 sacerdotum
908 2192 1044 2276 remigio
1068 2192 1286 2276 transpositus
1310 2196 1361 2255 cst
1390 2190 1428 2255 in

206 2294 554 2377 <slnr‹13·l?)Flaudrias,
575 2294 676 2378 juxta
708 2299 850 2358 castrum
884 2292 973 2376 quod
1003 2292 1092 2356 Merc
1123 2292 1338 2357 Flandrcnses
1368 2312 1427 2377 ap·

371 2398 504 2483 pellant.
568 2396 667 2461 Unde
709 2396 858 2479 pedestre
890 2394 955 2457 iter
984 2394 1144 2479 arripiens
1175 2399 1305 2460 mutata
1335 2398 1427 2461 reste

371 2499 474 2563 sensit
505 2497 692 2581 primitivas
723 2494 817 2558 exilii
843 2494 894 2557 sui
925 2493 1098 2559 molestias.

461 2632 577 2717 Nuper
607 2630 794 2705 honoratus,
816 2628 923 2693 mrdta
946 2630 1045 2694 turba
1067 2630 1251 2707 comitatus,

461 2735 645 2799 Primorum
668 2734 793 2818 primus
816 2753 905 2797 nuno
927 2739 977 2796 est
1000 2732 1139 2798 extorris
1163 2738 1197 2797 et
1219 2734 1313 2799 imus.

460 2837 502 2901 In
524 2858 603 2921 pera
626 2836 687 2920 [ct]
712 2834 836 2909 laculo,
860 2834 931 2898 sinc
954 2832 1077 2900 clitella
1099 2834 1169 2897 sino
1192 2834 1290 2913 mulo,

460 2938 569 3003 Limes
591 2936 772 3012 anhelatur,
798 2935 851 2999 vel
873 2936 943 2999 sola
966 2941 1056 3000 vestc
1079 2940 1246 3021 guavutur.

460 3040 576 3104 Pastor
598 3060 696 3123 perge
719 3036 824 3121 pedes,
849 3056 983 3120 superas
1007 3036 1055 3101 sio
1076 3036 1146 3099 itur
1168 3038 1211 3101 ad
1234 3036 1332 3103 redes

460 3138 515 3203 Sic
538 3159 683 3201 meruere
707 3137 769 3199 viri
794 3157 923 3201 summa
945 3138 1077 3223 regione
1100 3138 1209 3222 potiri.

461 3240 538 3304 Non
560 3239 648 3303 solus
671 3238 772 3313 radis,
796 3260 902 3304 comes
925 3245 975 3303 est
997 3260 1071 3323 spes
1093 3240 1203 3305 nescia
1225 3240 1333 3317 eladis,

462 3340 582 3406 Nescia
604 3340 776 3405 tormentis
799 3340 886 3405 flecti
909 3342 1095 3407 constantia
1117 3343 1245 3408 mentis.

459 3444 588 3529 Agrnen
611 3443 773 3506 virtutum
797 3443 877 3509 facit
899 3444 1053 3508 exsilium
1077 3445 1139 3509 tibi
1162 3449 1285 3511 tutum.

414 3589 587 3675 Fatigatus
603 3594 715 3655 autem
732 3611 774 3654 ex
797 3590 926 3654 modico
949 3590 1068 3655 itinere
1091 3590 1252 3657 conducto
1270 3591 1423 3677 jumento

368 3693 568 3777 imponitur;
598 3692 650 3759 cui
675 3692 851 3777 suppositis
874 3692 1031 3757 comitum
1062 3713 1195 3757 suorum
1218 3694 1425 3760 vestimentis

368 3796 521 3873 insidens,
545 3796 668 3861 Christi
694 3795 826 3880 praefert
848 3795 1061 3879 Jcrosolymee
1084 3794 1320 3881 triumphantis
1343 3798 1425 3863 ima-

369 3898 487 3980 ginem.
554 3898 599 3961 Et
632 3896 803 3981 prmlulum
843 3920 1031 3983 progressus
1064 3898 1223 3981 quosdam
1255 3899 1295 3963 dc
1333 3922 1422 3966 mora
1512 3964 1516 3969 .

368 3998 477 4082 gentis
500 3998 589 4061 illius
610 4005 753 4063 armatos
778 3999 908 4063 obviam
932 3999 1056 4065 habuit.
1119 4000 1246 4079 Quibus
1269 4022 1424 4086 percunc-

371 4098 527 4175 tantibus,
561 4119 606 4162 an
639 4100 898 4185 archiepiscopus
942 4101 1011 4185 ipse.
1045 4101 1293 4167 Cantuariensis
1327 4108 1421 4183 essct,

370 4199 523 4285 vigilanti
547 4200 646 4263 verbo
669 4201 843 4285 respondit,
870 4210 885 4235 “
898 4201 1024 4267 Siccine
1048 4202 1295 4268 Cantuariensis
1317 4204 1423 4273 auln-

405 4444 411 4473 ¹
430 4452 504 4504 serlo,
516 4444 550 4493 V.
894 4476 896 4499 ,
952 4444 960 4474 ⁴
976 4444 1042 4493 Titla
1053 4444 1179 4507 supplied.

404 4521 413 4552 ²
429 4521 525 4570 ‹len-rra
537 4523 562 4569 in
574 4520 626 4571 loco
638 4520 739 4583 (lucerii,
750 4520 784 4571 V.
796 4522 826 4571 L.
894 4546 896 4557 ·
950 4520 960 4551 ³
978 4522 1094 4573 Inserted
1105 4525 1139 4587 by
1146 4540 1162 4573 a
1172 4525 1236 4574 later
1245 4524 1314 4575 hand
1325 4524 1352 4575 iu
1361 4526 1419 4579 MS.

403 4598 414 4630 ³
432 4602 486 4661 rjus
496 4602 616 4661 inserted,
628 4602 662 4651 V.
675 4602 705 4651 L.
893 4566 897 4661 d,
918 4601 1034 4653 ll'inton.
