3316 6240
354 732 417 797 216
686 746 865 795 aruncum
888 748 913 795 s.
937 749 1073 808 raons,
1276 734 1354 816 [rm
1372 750 1406 796 11.

353 934 581 1013 exspectasset,
613 928 756 1013 quinque
796 950 949 992 sensuum
987 929 1115 994 ‹lefletis
1145 929 1337 1004 excessibus,
1371 928 1406 991 in

354 1031 482 1115 quibus,
505 1036 665 1115 tanquam
688 1031 723 1093 in
754 1031 892 1095 totidem
924 1032 1111 1115 porticibus,
1135 1032 1294 1117 languens
1313 1032 1405 1116 jacu-

353 1138 431 1207 erat,
470 1133 604 1197 tandem
638 1133 758 1197 meruit
792 1134 913 1208 audire,
939 1133 1055 1198 “Tolle
1086 1135 1260 1220 grabatum
1301 1140 1404 1207 tuum,

355 1242 375 1268 “
395 1240 429 1299 et
444 1234 602 1298 ambula.”
645 1234 731 1297 Nam
749 1234 944 1297 descendens
959 1234 1095 1319 angelus
1110 1234 1293 1319 Anglorum
1310 1234 1404 1298 faciei

352 1336 471 1400 tubera
491 1336 756 1421 glandinosaeque
772 1336 988 1419 corruptionis
1003 1342 1209 1400 excrementa
1231 1335 1405 1400 demolitus

354 1442 412 1512 est,
434 1436 660 1521 ulceribusque
691 1436 859 1501 desiccatis
892 1457 1009 1500 manus
1032 1442 1066 1501 et
1097 1437 1264 1500 inferiores
1297 1442 1405 1519 partes

353 1538 470 1602 nativa
503 1536 616 1603 decore
647 1537 791 1601 donavit.
852 1536 1000 1622 Vestigia
1036 1539 1168 1623 penitus
1202 1538 1406 1601 infinnitat-is

355 1658 422 1702 non
444 1638 577 1713 amovit,
600 1638 657 1701 sed
679 1644 774 1701 notas
800 1637 957 1721 quasdam
988 1638 1023 1700 in
1046 1638 1271 1703 testimonium
1295 1638 1403 1702 domo-

355 1739 425 1803 licae
447 1739 548 1823 pestis
571 1738 761 1822 collataque
784 1738 937 1801 sanitatis
960 1738 1149 1802 reservavit.

646 1968 724 2052 (55.)
748 1967 796 2032 Dc
817 1964 959 2032 audiero
981 1966 1118 2053 leprosa.

400 2123 476 2199 Cur,
499 2123 617 2187 mulier
638 2123 757 2207 Agnes,
780 2123 823 2186 ad
846 2127 1027 2187 curatorem
1048 2128 1144 2186 tuum
1167 2124 1300 2187 beatum
1317 2122 1402 2186 Tho-

281 2278 295 2311 ·.
353 2245 441 2289 mam
456 2244 524 2289 non
540 2222 678 2287 redisti?
725 2223 900 2287 Arlvenisti
923 2224 1023 2287 semol
1044 2223 1098 2287 lue
1121 2223 1220 2307 lepne
1243 2224 1401 2288 contami-

269 2312 278 2325 '
352 2330 452 2403 nata3
483 2324 589 2389 redire
621 2323 779 2387 debueras
802 2324 855 2387 vel
884 2323 983 2388 semel
1016 2325 1059 2388 ad
1090 2330 1272 2390 curatorem
1304 2329 1400 2388 tuum

351 2426 519 2502 mundata,
541 2430 580 2488 ut
604 2425 691 2509 quod
717 2424 840 2489 factum
864 2424 979 2488 estad
1002 2425 1201 2490 curationem
1226 2426 1401 2489 iteraretur

352 2528 473 2591 iterum
496 2526 539 2589 ad
561 2525 700 2589 laudem.
758 2526 855 2589 Libet
880 2526 1035 2610 replicare
1059 2527 1139 2610 quid
1161 2527 1342 2592 viderimus
1364 2529 1400 2592 in

351 2634 393 2704 te,
410 2628 491 2712 quid
505 2627 706 2691 audierimus
720 2648 741 2691 a
755 2632 796 2691 te.
843 2628 1009 2713 Turgebat
1029 2650 1095 2693 non
1116 2630 1279 2695 modicum
1301 2653 1400 2695 nasus

351 2734 430 2795 tuus
461 2734 496 2795 et
524 2734 681 2807 mentum,
705 2729 876 2812 liquabant
906 2728 1000 2806 oculi,
1023 2731 1229 2795 rarescebant
1259 2738 1399 2817 utraque

350 2830 524 2917 supercilia
568 2830 644 2914 pilis
687 2830 886 2906 cadentibus,
933 2831 1192 2915 protuberabant
1237 2833 1400 2898 ulceribus

350 2932 606 3017 erumpentibus,
631 2932 787 2995 suberant
809 2931 939 3016 papula*
969 2930 1054 2996 ciliis
1084 2934 1301 3011 inferioribus
1325 2959 1399 3020 quae

350 3032 485 3097 luminis
522 3033 625 3098 aciem
657 3032 927 3109 reverberabant;
964 3032 1153 3117 hujusmodi
1181 3036 1325 3100 vidimus
1363 3039 1399 3101 in

350 3140 392 3200 te.
438 3135 639 3199 Audivimus
661 3140 771 3198 autem
806 3138 840 3197 te
875 3134 974 3198 talem
1005 3156 1026 3199 a
1059 3140 1093 3199 te
1124 3137 1254 3219 qualem
1287 3141 1398 3203 eonvi-

351 3236 443 3301 eanei
466 3236 517 3300 tui
540 3252 649 3299 secrun
672 3233 858 3299 cohabitare
881 3255 948 3297 non
975 3235 1204 3319 patiebantur;
1234 3238 1334 3301 immo
1357 3240 1397 3303 de

350 3343 457 3403 castro
487 3336 635 3421 Zignien.
658 3334 817 3419 glebaque
839 3334 903 3397 tibi
934 3334 1021 3399 inter
1043 3334 1192 3400 infantiae
1224 3336 1398 3401 lactentis1

350 3440 538 3503 rudimenta
559 3441 690 3521 reptata
713 3457 861 3521 separare
883 3436 1083 3501 nitebantur.
1130 3438 1218 3501 Nam
1242 3460 1262 3501 a
1282 3439 1397 3505 diebus

351 3539 562 3605 Paschalibus
578 3539 680 3603 donec
694 3538 820 3602 dierum
836 3538 1005 3622 ‹prantitas
1020 3538 1224 3616 decresceret,
1238 3539 1396 3606 Phoebus-

351 3663 414 3728 que
437 3640 579 3705 breviori
610 3639 871 3704 circumferentia
893 3638 1088 3716 volveretur,
1112 3662 1216 3725 usque
1246 3642 1290 3705 ad
1316 3665 1396 3707 nau-

348 3766 438 3809 seam
461 3742 594 3807 morbus
615 3746 695 3805 tuus
717 3747 908 3804 accreverat.
964 3740 1028 3805 Die
1050 3748 1162 3806 autem
1185 3765 1251 3828 qua
1273 3751 1394 3810 actutu

347 3845 471 3913 civium
487 3850 521 3909 et
536 3842 689 3910 convictu
710 3842 910 3926 segreganda
933 3864 1010 3919 eras,
1027 3846 1260 3929 segregationis
1282 3848 1396 3913 solem-

348 3948 406 4012 nia
427 3944 632 4031 praeveniens
655 3944 757 4006 frater·
773 3947 850 4005 tuus
866 3941 1029 4021 Salomon,
1045 3944 1265 4009 misericordia
1287 3954 1396 4011 motus

348 4048 385 4111 in
407 4052 449 4121 tc,
474 4051 508 4109 et
525 4042 722 4109 verecundia
744 4064 803 4127 pro
826 4050 868 4118 te,
892 4048 925 4106 te
948 4044 1099 4107 comitem
1122 4048 1157 4107 et
1178 4045 1243 4108 viae
1266 4066 1396 4111 causam

348 4147 533 4233 assumpsit,
557 4150 750 4229 arreptoque
781 4144 899 4208 itinere
923 4144 1135 4209 Cantuariam
1166 4145 1266 4209 venit.
1328 4148 1395 4213 Ubi

348 4274 424 4319 eum
454 4253 661 4336 pernoctares
692 4248 726 4309 in
750 4245 883 4311 eeclesia
906 4244 1039 4320 Christi,
1062 4250 1216 4329 patronos
1250 4248 1395 4331 ejusdem

349 4354 492 4421 ecclesiae
522 4358 652 4416 sanctos
687 4370 779 4433 prece
810 4347 997 4422 sollicitans,
1020 4352 1055 4409 et
1077 4368 1145 4431 prae
1168 4350 1293 4414 ueteris
1320 4375 1396 4417 eum

762 4596 770 4627 ¹
787 4593 911 4655 lactantis,
923 4593 979 4646 MS.
