3316 6240
366 778 430 844 276
699 790 879 839 limacum
901 789 926 838 s
949 788 1087 847 rnonrs,
1271 772 1348 856 [nm
1366 788 1414 836 ιιι.

369 986 385 1011 “
407 978 530 1041 tiatum
552 976 582 1039 ei
614 998 656 1039 ex
678 975 835 1040 mandate
858 998 929 1039 meo
953 980 992 1037 ut
1014 974 1057 1038 ad
1087 974 1277 1039 memoriam
1309 996 1415 1039 meam

369 1078 530 1142 “veniat
586 1076 683 1157 Quod
714 1077 742 1139 si
765 1077 957 1141 mandatum
989 1075 1169 1161 pertuleris,
1193 1076 1229 1139 in
1259 1076 1311 1139 his
1342 1098 1416 1159 quac

369 1177 471 1244 “tibi
494 1178 675 1244 necessaria
704 1183 783 1241 sunt
804 1176 1016 1262 pr·ovidebit.”
1062 1176 1145 1242 Haec
1167 1198 1242 1242 cum
1269 1177 1415 1253 dixisset,

369 1278 541 1344 obtutibus
573 1278 717 1343 videntis
750 1278 879 1343 ablatus
902 1282 960 1342 est.
1012 1277 1163 1344 Evolutis
1185 1283 1296 1341 autem
1320 1278 1415 1362 quin-

370 1380 474 1445 decim
506 1379 621 1444 diebus
659 1384 733 1463 post
763 1378 848 1443 hanc
878 1377 1048 1453 visionem,
1078 1399 1100 1443 a
1129 1378 1279 1463 partibus
1309 1382 1413 1442 trans·

369 1481 506 1546 marinis
538 1481 673 1565 navigio
708 1502 764 1544 rex
796 1480 954 1545 advectus
977 1485 1035 1543 est.
1082 1480 1155 1559 Quo
1189 1480 1416 1546 transvolante

202 1578 272 1643 Sept.
284 1582 356 1629 ¹¹⁷¹·
370 1582 586 1657 Britanniam,
611 1581 690 1665 quia
707 1580 958 1665 belligeraturus
978 1585 1050 1644 crat
1067 1580 1103 1643 in
1128 1580 1309 1664 Hybernia,
1331 1602 1416 1645 mar-

370 1690 427 1769 tyr
441 1683 583 1748 seeundo
604 1682 820 1746 dormientem
843 1680 1037 1765 piscatorem
1062 1682 1224 1746 convenit.
1272 1692 1288 1715 ‘¹
1298 1682 1418 1757 Heus,''

371 1784 488 1869 inquit,
507 1792 522 1815 “
533 1782 726 1847 mandatum
741 1802 808 1847 non
824 1782 937 1846 fecisti.
986 1781 1172 1866 Exsequere
1184 1782 1272 1867 quod
1288 1781 1350 1846 tibi
1366 1783 1417 1845 in-

372 1892 388 1917 “
406 1884 560 1969 junctum
583 1888 641 1948 est.
699 1881 772 1947 Hac
803 1881 959 1946 transibit
977 1882 1079 1967 juxta
1102 1882 1235 1947 domum
1258 1882 1417 1961 tuam;''1

369 1983 541 2068 locumque
564 1982 830 2068 praemonstravit
845 2003 910 2067 quo
932 1982 974 2046 ab
997 2004 1081 2067 equo
1104 1983 1316 2048 descensurus
1338 1988 1418 2048 erat.

371 2085 510 2151 Factum
532 2090 582 2149 est
597 2089 708 2149 autem
733 2089 771 2148 ut
781 2084 883 2169 juxta
905 2105 1085 2149 sermonem
1110 2086 1214 2150 sancti
1238 2107 1312 2170 rege
1336 2107 1418 2170 prue-

370 2187 500 2271 signato
523 2185 592 2251 loco
615 2185 838 2261 descendente,
855 2206 930 2250 cum
945 2184 1062 2250 bellica
1083 2207 1185 2250 manu
1200 2192 1234 2249 et
1256 2192 1418 2271 apparatu

201 2286 331 2337 Bu¹¹0¹¹
370 2308 497 2373 magno,
532 2307 655 2351 memor
687 2284 836 2351 mandati
868 2286 920 2348 vir
954 2285 1130 2370 praedictus
1162 2286 1301 2350 fraenum
1332 2288 1418 2372 regis

202 2352 336 2469 mitti,
369 2389 647 2474 apprehenderet3
684 2387 741 2453 sed
772 2386 890 2451 videns
927 2409 1001 2451 eum
1024 2388 1126 2451 variis
1164 2388 1418 2473 cogitationibus

369 2495 544 2580 direptum,
567 2494 751 2577 timensque
783 2514 825 2557 ne
855 2492 937 2577 quid
959 2492 1097 2558 contra²
1129 2494 1272 2579 seipsum
1307 2494 1417 2577 loque-

369 2599 468 2671 retur,
492 2594 604 2659 seruili
627 2599 718 2657 metu
749 2615 919 2678 percussus
942 2594 1081 2657 verbum
1104 2595 1191 2678 quod
1222 2615 1321 2679 prope
1348 2601 1419 2658 erat

370 2697 406 2760 in
437 2717 492 2761 ore
523 2696 683 2781 repressit
731 2696 817 2761 Cum
848 2700 960 2760 autem
984 2696 1100 2759 diebus
1132 2696 1246 2760 multis
1277 2696 1419 2761 evolutis

369 2820 428 2864 rex
450 2798 580 2884 regulos
595 2795 776 2861 tetrarchas
792 2796 911 2861 ditioni
935 2819 1002 2861 sure
1025 2798 1111 2862 bello
1134 2804 1290 2883 metuque
1305 2800 1418 2883 subju-

202 2904 328 2983 (metam
369 2903 485 2985 gasset,
500 2903 536 2962 et
558 2919 616 2983 per
631 2896 782 2961 comitem
802 2896 979 2962 Ricardum
1003 2896 1070 2962 late
1092 2898 1241 2983 regiones
1265 2898 1418 2964 barbaras

202 2972 346 3087 {ifflffl’
370 3006 564 3085 occupasset,
600 3000 746 3064 instante
778 2999 849 3085 jam
879 3004 1026 3083 tempore
1061 3020 1129 3064 suae
1159 3000 1354 3064 reversionis
1384 3001 1419 3063 in

202 3104 308 3169 11110118·
370 3100 534 3186 Angliam,
558 3099 713 3185 dignatus
736 3106 787 3163 est
809 3100 883 3184 pius
907 3106 999 3163 vates
1021 3100 1065 3163 ad
1087 3121 1184 3163 suum
1206 3100 1419 3185 interpretem

203 3170 281 3227 m)
320 3274 327 3303 ι
370 3202 499 3279 reverti,
534 3223 671 3265 monens
694 3202 795 3266 etiam
823 3201 923 3265 tertio
957 3200 997 3264 do
1032 3202 1216 3287 peragendo
1253 3202 1417 3267 mandato.

350 3286 357 3299 ⁸
370 3304 436 3370 Sed
456 3304 595 3368 necdum
612 3304 664 3368 vir
679 3302 898 3388 pusillanimis
913 3308 988 3388 post
1003 3303 1126 3367 trinam
1152 3304 1417 3382 admonitionem,

370 3404 554 3469 nobilitatis
576 3403 691 3468 multas
717 3404 909 3488 pavefactus
924 3409 1066 3488 aspectu,
1091 3425 1190 3487 quam
1213 3403 1327 3471 viam³
1350 3406 1418 3491 regi

370 3505 482 3570 reduci
504 3504 656 3590 prodiret,
680 3505 790 3589 erupit
811 3506 848 3569 in
872 3526 990 3571 vocem.

670 3739 748 3823 (18.)
773 3738 820 3805 Dc
841 3738 951 3807 vincto
973 3739 1119 3807 liberato.

204 3893 330 3974 oppius.
416 3873 556 3941 Juvenis
579 3874 713 3961 quidem
736 3898 794 3961 per
821 3876 908 3941 idem
932 3882 1069 3963 tempus,
1094 3878 1192 3943 Wido
1214 3878 1354 3957 nomine,
1379 3880 1420 3943 de

203 3962 353 4080 πεζή
369 3976 544 4042 homicidio
567 3984 746 4053 accusatus,
769 3978 842 4043 vico
866 3978 1052 4045 Staffordiae
1075 3982 1137 4045 sub
1159 3981 1308 4045 custodia
1329 3987 1419 4044 tene-

203 4110 266 4145 one
370 4078 475 4143 batur.
522 4078 653 4143 Accidit
682 4086 794 4144 autem
826 4080 879 4145 die
901 4102 992 4147 sacro
1023 4082 1230 4147 Pentecostes
1260 4104 1298 4145 eo
1329 4103 1419 4166 pere-

202 4159 340 4275 ‘effisos
369 4179 502 4265 grinum
544 4180 701 4244 advenire
740 4180 797 4263 qui
841 4180 937 4267 signa
977 4182 1103 4247 ferebat
1146 4182 1420 4267 peregrinationis

204 4290 342 4357 snrgunt,
370 4282 475 4346 saneti
499 4280 641 4357 Therme,
665 4280 845 4365 ampullam
867 4288 902 4346 et
917 4303 1045 4367 aquam.
1091 4284 1142 4349 De
1158 4306 1224 4370 qua
1239 4305 1314 4350 cum
1329 4284 1421 4349 vinc-

203 4354 306 4473 ffid·
371 4388 426 4447 tus
457 4383 602 4457 bibisset,
627 4383 715 4467 quod
749 4404 816 4447 non
848 4386 988 4470 expetiit
1020 4387 1145 4473 accepit
1175 4387 1219 4452 ab
1250 4410 1309 4467 ca;
1343 4410 1420 4451 nam

405 4582 413 4613 ¹
431 4598 510 4637 surim,
522 4584 578 4634 MS.
902 4602 904 4607 ·
957 4586 968 4617 ³
986 4592 1153 4651 quamquam?

405 4658 416 4689 '²
433 4669 518 4711 renim
528 4662 595 4725 qnid,
608 4663 664 4712 MS.
902 4664 904 4675 '
