3316 6240
386 796 452 859 404
720 809 899 858 1111110111
923 811 947 857 s.
972 809 1108 869 sucus,
1312 795 1438 878 [11111.

218 1001 332 1050 restored
386 994 492 1058 filium
516 1016 621 1069 suum,
645 1016 764 1058 novem
787 1017 889 1058 annos
912 999 1037 1069 natum,
1055 1015 1151 1076 quem
1176 1014 1234 1077 pro
1250 992 1437 1057 conditione

217 1067 358 1198 fflngly
386 1096 492 1158 earnis
516 1101 681 1159 mortuum
716 1095 824 1170 fuisse,
848 1101 882 1159 et
916 1117 936 1158 a
970 1094 1109 1159 mortuis
1140 1099 1289 1177 creptum
1313 1094 1438 1157 virtute

218 1200 289 1249 dead.
386 1198 549 1282 martyris
573 1198 775 1262 asseverarit.
823 1198 934 1262 Genus
950 1198 1066 1261 mortis
1081 1196 1236 1272 innotuit,
1261 1196 1437 1260 1111111111

386 1301 546 1385 passionis
583 1300 834 1375 vehementiam,
874 1301 1047 1365 clamorem
1086 1298 1216 1363 afflictae
1248 1299 1371 1375 matris,
1404 1304 1439 1362 11

386 1403 543 1486 pietatem
567 1403 648 1466 moti
680 1402 843 1487 martyris,
874 1407 908 1465 et
939 1401 1096 1486 quicquid
1127 1402 1211 1465 circa
1249 1400 1437 1485 hujusmodi

386 1502 523 1586 disquiri
547 1503 637 1567 solet.
684 1503 738 1565 Ad
773 1503 928 1566 ultimum
962 1502 1137 1586 subjunxit
1170 1502 1373 1578 suscitatum,
1397 1502 1437 1566 de

386 1625 446 1668 suo
480 1610 571 1669 statu
605 1605 852 1691 interrogatum,
891 1603 1104 1688 respondisse,
1137 1604 1246 1667 virum
1284 1604 1436 1669 1110011111

386 1712 520 1790 aspectu
544 1706 607 1770 sibi
629 1705 806 1770 sanitatem
830 1704 1024 1790 promisisse.

656 1965 736 2049 (38.)
768 1965 815 2030 De
829 1964 953 2049 juverre
972 1963 1172 2050 supernato.

220 2144 343 2209 Geoffmy
432 2132 522 2198 Villa
559 2138 609 2197 111
647 2154 721 2217 quse
752 2133 874 2199 dicitur
912 2131 1022 2209 Oohel,
1055 2132 1196 2197 secundo
1231 2133 1384 2197 milliario
1415 2126 1448 2196 a'

220 2211 322 2326 “me
388 2233 525 2298 civitate
548 2232 683 2299 Cestria.
730 2232 1436 2318 1111111111111111111111111111

142 2396 148 2409 ,
218 2279 463 2460 Ψώξαουω
485 2336 551 2399 alio
574 2334 715 2419 quodam
739 2334 774 2397 in
798 2335 912 2398 urbem
935 2333 1152 2398 transferente
1186 2334 1222 2397 in
1256 2334 1333 2418 biga
1366 2334 1436 2418 (qui

218 2408 369 2527 ,13ιῇξᾷ
387 2438 434 2502 ibi
457 2438 602 2504 loc'orum
624 2437 699 2500 usui
722 2441 808 2512 sunt,
834 2443 868 2500 ct
890 2436 998 2501 focum
1021 2435 1149 2520 fovent)
1181 2442 1364 2501 commotus
1387 2441 1438 2500 est

219 2549 266 2593 ter.
387 2560 449 2616 111,
488 2545 523 2603 11
560 2538 727 2623 mugiente
765 2537 894 2601 tonitru
940 2538 1180 2602 coruscationes
1226 2544 1260 2601 11
1304 2537 1437 2622 fulgura

387 2640 579 2705 micuerunt.
626 2638 825 2724 Properante
859 2638 983 2723 juvene
1015 2646 1052 2703 et
1086 2640 1224 2703 timente
1257 2639 1347 2723 (nam
1380 2661 1437 2723 per

387 2741 458 2806 loca
479 2745 576 2804 vasta
598 2739 773 2824 transibat)
798 2739 935 2803 obvenit
958 2739 1048 2804 canis
1079 2740 1136 2824 qui
1163 2739 1271 2804 delabi
1304 2739 1436 2803 turbine

388 2843 571 2920 videbatur,
594 2841 688 2927 niger
719 2848 753 2906 et
784 2840 943 2925 hispidus,
974 2841 1089 2927 lingua
1123 2842 1166 2906 ab
1199 2863 1253 2906 ore
1284 2841 1436 2926 projecta,

387 2942 541 3028 spatiosis
579 2941 681 3008 oeulis
718 2947 752 3006 et
789 2940 1000 3018 terribilibus,
1040 2942 1163 3006 inerti.
1184 2964 1284 3028 passu
1329 2942 1437 3028 spatia

388 3045 626 3110 transmittens.
689 3042 756 3121 Qui
794 3064 868 3107 cum
906 3065 941 3106 se
979 3043 1067 3106 inter
1108 3043 1253 3108 medium
1297 3044 1436 3107 duorum

388 3147 488 3211 boum
515 3145 680 3233 jugalium
713 3144 916 3220 immitteret,
939 3143 1090 3229 protinus
1116 3144 1200 3210 alter
1231 3167 1342 3210 eorum
1373 3145 1436 3208 ful-

390 3249 478 3312 mine
501 3268 672 3334 percussus
695 3251 729 3309 et
750 3244 940 3310 combustus
970 3250 1028 3322 est,
1061 3252 1100 3309 ut
1129 3268 1224 3332 paene
1255 3247 1436 3312 solveretur

389 3349 425 3412 in
448 3350 606 3427 cinerem3
636 3347 721 3412 alter
743 3367 821 3410 vero
843 3346 947 3410 fracto
978 3346 1061 3432 jugo
1092 3348 1127 3411 in
1154 3349 1332 3413 amentiam
1363 3370 1435 3412 ver-

389 3470 452 3515 sus.
498 3448 665 3513 Bubulcus
703 3469 841 3532 quoque,
868 3436 993 3532 quise
1025 3449 1119 3535 signo
1154 3451 1258 3515 crucis
1292 3457 1327 3516 11
1357 3450 1435 3515 fidei

387 3551 497 3637 palma
519 3571 635 3636 parum
657 3549 830 3624 munierat,
854 3548 991 3634 occipite
1016 3556 1050 3614 et
1071 3550 1114 3614 ab
1145 3551 1280 3637 inguine
1306 3574 1434 3616 sursum

387 3673 518 3737 corpore
548 3652 725 3726 combusto,
757 3651 880 3714 corruit
909 3651 1079 3715 exanimis.
1127 3652 1172 3716 Et
1205 3659 1276 3718 erat
1306 3675 1434 3718 cernere

387 3753 523 3839 dignum
557 3752 773 3818 admiratione
806 3752 1048 3836 spectaculum
1077 3751 1114 3817 in
1136 3759 1228 3818 veste
1251 3755 1339 3818 enim
1370 3755 1435 3818 viri

386 3855 434 3919 nil
457 3855 691 3921 combustionis
714 3853 887 3938 apparuit3
909 3853 967 3917 bos
990 3874 1068 3918 vero
1085 3860 1238 3919 enecatus
1255 3856 1379 3921 enormi
1402 3861 1437 3919 ct

385 3956 518 4021 informi
549 3963 677 4020 tumore
704 3954 961 4018 distendebatur.
1009 3954 1143 4018 Itineris
1173 3960 1285 4019 autem
1316 3956 1435 4020 comite

385 4059 442 4142 qui
466 4064 616 4123 evaserat
637 4056 815 4120 nuntiante
839 4055 875 4117 in
898 4055 979 4120 urbe
1003 4056 1091 4140 quod
1114 4056 1287 4133 acciderat,
1310 4079 1361 4120 res
1391 4058 1433 4121 ad

385 4160 540 4224 notitiam
574 4157 744 4242 cujusdam
776 4155 908 4241 Pagani,
940 4157 1022 4220 civis
1053 4157 1243 4234 (losnensis,
1274 4160 1434 4243 pervenit.

387 4260 453 4341 Qui
469 4267 578 4325 motus
593 4282 634 4324 ex
650 4259 702 4323 sui
718 4258 891 4322 servientis
907 4258 1045 4323 interitu
1062 4261 1192 4344 rogavit
1207 4261 1434 4346 presbyterum

385 4385 406 4428 a
421 4385 485 4448 quo
508 4368 657 4427 mortuus
680 4360 863 4424 efferendus
886 4367 957 4425 erat
980 4366 1019 4424 11
1034 4362 1277 4447 exsequialibus
1293 4365 1435 4428 muneri-

386 4466 448 4531 bus
472 4465 627 4552 impensis
650 4486 710 4550 pro
727 4464 839 4529 debito
856 4462 1100 4543 catholicorum,
1116 4488 1206 4532 sacro
1229 4474 1264 4533 et
1287 4468 1437 4554 religioso

386 4569 455 4634 loco
479 4575 645 4633 mortuum
677 4589 774 4631 suum
808 4567 969 4652 sepeliret
1018 4568 1091 4649 Quo
1122 4570 1339 4654 respondente
1369 4593 1437 4636 non

384 4669 569 4737 inconsulto
606 4669 834 4737 archidiacono
872 4691 906 4733 11
943 4691 1011 4736 rem
1042 4669 1232 4756 hujusmodi
1262 4672 1435 4750 facturum,
