3316 6240
409 766 474 829 286
741 779 920 829 ramicum
942 781 970 827 s.
992 779 1131 837 aucun,
1312 765 1390 847 [nra.
1407 781 1458 830 111.

409 972 427 999 “
448 962 573 1029 datur.’'
630 963 820 1049 Respondit,
853 964 964 1029 “Non
994 964 1096 1031 habet
1126 965 1279 1031 dominus
1309 966 1457 1031 dividere

410 1074 428 1101 “
450 1066 538 1151 quod
571 1088 669 1130 suum
701 1072 759 1131 est.
822 1066 919 1130 Istud
949 1067 1037 1131 enim
1069 1066 1112 1131 ab
1143 1068 1237 1131 exitu
1269 1067 1458 1133 Cantuariae

411 1178 427 1203 “
449 1170 532 1233 mihi
555 1191 648 1235 casus
677 1190 721 1235 an
740 1170 793 1233 vis
815 1170 955 1235 abstulit
967 1194 976 1250 ;
1001 1172 1090 1255 quod
1112 1172 1302 1238 commodus
1330 1176 1459 1256 martyr

410 1271 569 1338 “hocin
591 1272 661 1339 loco
683 1272 858 1338 restituit”

581 1546 661 1630 (29.)
686 1544 734 1610 De
753 1543 931 1631 perepriuo
953 1542 1125 1611 omittente
1147 1543 1287 1611 obolum.

240 1734 380 1801 Apilgrim
453 1716 530 1783 Ibat
551 1718 593 1782 de
617 1718 781 1783 territorio
803 1717 890 1803 regis
912 1722 947 1781 et
968 1716 1125 1801 martyris
1149 1715 1336 1781 Eadmundi
1363 1737 1456 1801 pere-

241 1802 309 1851 from
320 1803 363 1851 the

242 1867 395 1935 neighbour-

407 1821 522 1906 gn'nus
543 1825 584 1884 ut
606 1826 713 1885 oraret
733 1820 776 1885 ad
792 1820 958 1884 tumulum
980 1820 1061 1884 novi
1083 1820 1257 1904 martyris3
1280 1818 1457 1883 transiens-

242 1934 351 1985 hoodof
407 1942 472 2007 que
508 1942 566 2006 per
603 1920 718 1986 villam
757 1920 969 1986 Suthberiam
1008 1919 1089 1984 emit
1126 1919 1337 1997 chirothecas,
1373 1920 1456 1983 dans

239 1999 313 2065 Bru

242 2064 280 2117 st.
291 2068 344 2117 nr-

407 2044 580 2087 nummum
608 2027 642 2087 et
664 2022 823 2107 recipiens
850 2020 1005 2099 obolum,l
1028 2022 1093 2107 qui,
1117 2043 1177 2107 pro
1206 2022 1373 2107 paruitate
1406 2021 1459 2084 sui

241 2134 334 2184 munds
408 2124 529 2211 digitos
547 2123 755 2201 interlabens,
771 2124 955 2189 clausuram
973 2123 1139 2209 ligaminis
1155 2128 1189 2187 et
1203 2124 1312 2187 visum
1334 2144 1457 2208 posses-

240 2198 307 2249 lcscs
318 2216 335 2249 a

240 2265 355 2329 pieoeof
408 2226 490 2292 soris
513 2226 627 2291 evasit.
686 2225 759 2306 Quo
782 2226 962 2291 frustratus
984 2225 1041 2301 ait,
1065 2225 1289 2310 improperans
1316 2224 1456 2308 martyri

241 2346 334 2396 money
345 2338 372 2382 at
408 2328 566 2395 dammm
604 2350 709 2405 suum,
741 2326 968 2413 “Peregrinus
1006 2326 1112 2391 sancti
1146 2325 1280 2391 Therme
1314 2325 1459 2411 perdidit

241 2395 369 2464 Badtina-y,

240 2464 294 2513 aad
303 2480 342 2515 re·

409 2438 427 2467 “
449 2430 581 2496 obolum
603 2429 726 2494 suum.”
772 2428 888 2497 Jocose
908 2428 1042 2514 quidem
1063 2428 1151 2492 dixit
1162 2451 1171 2508 ;
1195 2429 1252 2493 sed
1273 2449 1341 2493 non
1362 2428 1457 2494 inan-

241 2544 330 2581 covers
343 2530 364 2581 it
409 2532 473 2598 iter
495 2533 619 2598 excidit
645 2532 784 2597 verbum
806 2532 842 2595 in
869 2537 997 2597 terram.
1054 2530 1142 2596 Nam
1165 2551 1308 2616 praesens
1331 2536 1458 2614 martyr

409 2634 590 2711 obaudivit,
607 2656 704 2719 quem
720 2632 831 2697 decuit
854 2654 935 2717 quos
955 2632 1099 2697 Domino
1122 2632 1286 2717 parturiit,
1309 2631 1457 2695 nondum

409 2734 567 2812 robustos,
583 2736 734 2822 nondum·
753 2734 857 2799 solido
879 2734 952 2799 cibo
973 2734 1186 2809 confirmatos,
1203 2733 1239 2796 in
1259 2740 1367 2797 suaet
1388 2731 1458 2797 illo-

409 2858 483 2902 rum
509 2838 658 2903 novitate
684 2836 854 2903 indemnes
876 2858 1074 2902 conservare.
1131 2834 1307 2900 Novellam
1338 2834 1459 2919 quippo

409 2940 648 3025 plantationem
682 2939 736 3004 vel
770 2938 853 3004 levis
886 2960 967 3003 aura
1004 2938 1158 3014 concutit,
1189 2937 1336 3002 modicus
1373 2935 1460 3001 calor

409 3042 528 3119 exurit,
551 3042 616 3106 nisi
637 3041 727 3127 ligno
751 3041 804 3105 cui
830 3039 987 3105 inseritur
1012 3039 1133 3104 blando
1156 3038 1328 3124 complexu
1351 3036 1459 3103 coalu-

242 2602 269 2645 ιτ
280 2596 396 2649 Roehes-

240 2670 288 2713 ter.

409 3143 480 3207 erit.
527 3142 582 3208 Sic
604 3142 706 3207 animi
729 3140 818 3205 leves
840 3141 960 3206 abono
983 3139 1137 3205 inchoato
1157 3139 1210 3203 vel
1232 3138 1299 3203 levi
1314 3137 1458 3203 adversi-

409 3244 490 3309 tatis
512 3243 657 3329 impulsu
681 3242 851 3321 1·esiliunt;
874 3241 940 3306 nisi
961 3240 1083 3306 blanda
1105 3262 1207 3305 manu
1229 3240 1459 3306 consolationis

410 3346 550 3410 interme
573 3346 609 3409 in
632 3344 803 3431 primitivo
825 3342 936 3409 fructu
959 3348 1157 3408 nocumenta
1178 3342 1343 3427 repulerit.

456 3446 658 3531 Prosequens
682 3447 785 3532 igitur
807 3446 999 3531 peregrinus
1030 3447 1094 3510 iter
1117 3445 1205 3529 quod
1226 3450 1378 3530 coeperat,
1406 3443 1459 3507 die

409 3548 512 3613 tertia
538 3548 783 3613 Roveeestriam
807 3547 900 3612 venit
912 3571 920 3625 3
951 3547 1010 3611 ubi
1033 3568 1108 3612 cum
1134 3546 1259 3612 cibaria
1290 3565 1458 3631 compara-

410 3655 505 3713 turus
525 3671 658 3714 manum
679 3648 827 3714 mitteret
846 3648 890 3713 ad
904 3647 1055 3724 loculum,
1072 3648 1160 3732 quod
1177 3648 1460 3732 amise1ata1·gen-

409 3758 482 3817 tum
508 3773 609 3819 manu
632 3773 692 3817 sua
714 3751 847 3816 sinistra
869 3751 992 3836 recepit
1019 3750 1217 3835 impositum.
1275 3750 1461 3814 Mirabatur

409 3876 509 3940 supra
531 3876 630 3939 quam
660 3853 748 3918 credi
777 3857 908 3938 poterat
931 3853 966 3916 in
993 3872 1031 3916 eo
1062 3852 1151 3935 quod
1181 3852 1244 3917 sibi
1268 3853 1460 3938 contigerat.

408 3955 553 4020 Videbat
580 3955 667 4020 enim
691 3953 834 4020 loculum
865 3952 1042 4038 diligenter
1064 3952 1232 4032 clausum;
1263 3954 1398 4018 tenebat
1424 3953 1460 4016 in

408 4078 509 4123 manu
534 4058 622 4142 quod
643 4057 798 4121 amiserat
821 4056 1020 4120 restitutum.
1080 4056 1321 4141 Obstupescens
1348 4056 1460 4139 itaque

409 4180 498 4224 nunc
527 4160 677 4224 intuetur
698 4179 833 4223 manum
866 4180 966 4235 suam,
989 4180 1079 4225 nune
1102 4157 1282 4233 metallum,
1307 4165 1340 4222 et
1363 4157 1460 4221 vicis-

409 4262 471 4327 sim
511 4284 674 4327 crumenae
715 4266 863 4326 tenacem
910 4261 1043 4325 nodum.
1117 4270 1133 4294 “
1151 4260 1301 4336 Obolus,''
1341 4261 1460 4345 inquit,

410 4373 427 4399 “
449 4365 512 4429 iste
544 4364 632 4429 unde
664 4363 774 4427 mihi?
830 4361 951 4428 Nonne
982 4363 1225 4427 nudiustertius
1257 4363 1304 4425 ibi
1336 4362 1460 4429 excidit
