3316 6240
380 760 423 821 44
758 772 840 818 vnn
864 772 888 820 s.
913 772 1050 831 nmina,

420 996 498 1079 (³5.)
523 994 631 1061 Mittit
657 1016 713 1059 rec
735 994 879 1061 latericios
902 1002 1019 1059 cerritu
1041 994 1329 1081 arediepisropum
1352 996 1399 1061 ad

729 1119 837 1183 repent
858 1098 1080 1163 Francorum.

212 1264 282 1325 ring
297 1264 367 1312 ¹1⁰⁰·
424 1258 551 1323 Atreu
574 1258 756 1344 Anglorum
787 1265 924 1324 conatus
954 1258 1077 1323 exsulis
1104 1258 1283 1342 pnoveniro
1307 1259 1428 1335 volans,

212 1330 356 1445 :Jiiffiffi
379 1358 473 1443 cujus
512 1360 679 1445 ingenium
718 1360 807 1443 quod
844 1366 972 1425 natunu
1010 1360 1203 1423 beneficium
1242 1360 1427 1425 contulerat

212 1461 366 1538 narraui
379 1462 481 1525 motio
511 1462 666 1545 temporis
696 1461 871 1535 excitabat,
895 1462 1060 1545 episcopos
1082 1468 1116 1523 ct
1139 1482 1286 1544 proceres
1308 1460 1351 1525 ad
1374 1482 1425 1527 ro-

212 1528 282 1589 kmss'
379 1584 452 1645 gem
477 1562 675 1627 Francorum
698 1562 885 1636 destinavit,
910 1562 1020 1625 dicens
1043 1562 1078 1625 in
1100 1561 1170 1626 haec
1186 1562 1303 1626 verba:
1328 1560 1425 1627 “Me-

381 1673 397 1697 “
419 1664 553 1727 minerit
586 1663 780 1727 excellentia
812 1668 929 1739 rostra,
961 1664 1091 1727 domine
1125 1685 1191 1731 rex.
1227 1664 1358 1729 lauderis
1396 1672 1432 1731 et

381 1766 509 1850 “pacis
543 1788 617 1849 qum
651 1765 722 1829 Deo
754 1772 885 1829 auetoro
920 1764 1015 1849 post¹
1048 1765 1238 1829 inimicitias
1261 1765 1427 1842 inivimus,

381 1878 395 1901 ‘⁸
420 1875 459 1932 ut
481 1869 575 1933 lirma
597 1876 631 1931 et
654 1866 784 1931 illibata
806 1873 1045 1943 amoventur,
1069 1872 1232 1951 (protenus
1265 1890 1323 1951 per
1345 1868 1430 1933 into·

381 1980 396 2003 ·‘
419 1970 574 2053 gnitatmn
606 1968 862 2033 conservationis
895 1968 1002 2032 mutui
1039 1968 1160 2033 veritas
1197 1968 1428 2053 comprobatur

381 2080 396 2103 ‘¹
420 2070 546 2134 amoris.
595 2070 713 2153 Liquet
745 2076 854 2133 autem
890 2070 950 2133 hoc
983 2070 1018 2132 in
1040 2068 1161 2133 finibus
1185 2068 1427 2147 transactionis,

381 2172 447 2235 “si
486 2193 544 2256 per
577 2171 801 2235 executionem
833 2178 919 2235 reete
943 2171 1096 2256 procedit,
1132 2171 1300 2247 contineri,
1335 2178 1374 2233 ut
1400 2172 1429 2235 si

381 2282 397 2307 “
420 2273 592 2358 ‹piisquam
616 2272 656 2337 de
678 2278 765 2337 terra
788 2271 923 2335 alterius
946 2280 1094 2336 nostrum
1118 2278 1250 2357 prepter
1272 2270 1428 2337 offensam

380 2382 396 2408 ·‘
419 2374 543 2439 domini
567 2374 617 2437 sui
641 2380 676 2437 et
698 2373 824 2437 facinus
847 2394 943 2437 suum
966 2373 1187 2458 transfugerit,
1212 2372 1344 2437 domino
1366 2394 1426 2439 suo

380 2482 577 2559 “tanquam
612 2476 774 2560 fugitivus
808 2476 1009 2539 restituatur.
1072 2474 1213 2555 Quidam
1248 2476 1301 2540 cui
1328 2475 1425 2541 beno·

381 2586 396 2609 “
419 2575 501 2640 ficiis
535 2583 569 2639 et
601 2576 824 2640 liamiliaritate
859 2597 961 2659 usquc
996 2577 1031 2640 in
1064 2577 1227 2661 propriam
1252 2576 1427 2661 peurieiem

380 2684 397 2710 “
420 2676 563 2741 liberalis
595 2677 716 2752 esst-iti,
741 2676 866 2741 levarit
887 2684 1001 2741 eontra
1034 2662 1085 2741 me
1108 2678 1295 2743 calcaneum
1318 2698 1424 2753 suum,

382 2778 512 2842 “etin
535 2799 671 2863 regnum
694 2784 839 2843 vestrum
871 2778 1009 2843 divertit
1021 2802 1029 2855 ;
1063 2780 1119 2863 qui
1154 2779 1233 2863 quia
1267 2779 1426 2845 fiscalium

382 2880 594 2951 “redituum
618 2902 699 2965 quos
730 2902 787 2965 per
820 2881 947 2965 aliquot
970 2900 1130 2945 annorum
1153 2880 1313 2945 cunicula
1335 2879 1429 2946 colle·

382 2991 397 3015 “
418 2983 477 3069 git,
501 2983 674 3048 ratiocinia
706 2982 912 3067 subterfugit,
936 2990 970 3045 et
1002 2982 1038 3044 in
1071 2982 1172 3066 gestis
1202 2982 1422 3067 negotiisdo·

381 3093 396 3117 “
419 3085 509 3148 mino
543 3105 602 3148 suo
634 3105 700 3147 non
736 3085 887 3147 demere
922 3084 1089 3151 satisfac-it,
1113 3083 1212 3148 etiam
1246 3083 1274 3147 si
1297 3090 1430 3149 tae-nmo

381 3193 397 3217 ‘¹
419 3192 532 3250 notam
559 3184 764 3249 infidelitatis
787 3185 932 3248 incurrit.
994 3184 1060 3249 Hic
1082 3198 1132 3249 est
1156 3186 1304 3261 Thomas,
1328 3206 1426 3269 quem

382 3292 397 3316 ·‘
421 3284 461 3347 de
484 3284 610 3348 medico
633 3306 789 3369 magnum
805 3285 873 3360 feci,
891 3292 924 3349 et
940 3285 975 3348 in
994 3293 1120 3369 patrem
1136 3287 1253 3370 patriae
1269 3288 1425 3371 promovi.

382 3394 397 3419 “
421 3386 527 3459 Hune,
552 3407 670 3470 precor,
698 3388 733 3451 in
768 3388 909 3471 patriam
940 3388 1126 3457 remittatis.
1162 3388 1215 3453 vel
1246 3388 1362 3453 saltem
1392 3390 1429 3453 in

382 3497 397 3521 “
421 3488 540 3553 terram
565 3496 708 3554 vestram
731 3511 797 3554 non
820 3490 1004 3574 recipiatis3
1027 3495 1067 3553 ut
1089 3496 1124 3554 et
1146 3492 1239 3555 umis
1270 3492 1355 3555 idem
1381 3514 1429 3557 rc·

382 3599 396 3623 “
420 3591 619 3675 compensari
644 3592 754 3676 possit,
777 3592 804 3656 si
839 3592 922 3657 forto
953 3592 1128 3677 contigerit
1163 3592 1202 3656 de
1226 3594 1345 3657 vestris
1367 3592 1427 3659 ali-

381 3700 397 3725 ·‘
420 3714 517 3777 quem
541 3692 669 3778 culpam
692 3694 728 3757 in
751 3692 952 3759 consimilem
979 3691 1107 3757 <lilabiff’
1154 3693 1337 3777 Respondit
1358 3714 1424 3771 ron,

213 3810 359 3887 assuerus
381 3807 397 3832 “
421 3799 508 3864 Novi
545 3799 710 3875 Thomam,
735 3801 820 3886 regis
852 3799 953 3864 uestri
988 3799 1216 3865 cancellarium
1254 3800 1428 3883 quondam,

213 3876 366 3939 k¹⁰⁸¹¹⁰w¹³'
382 3910 397 3934 ¹‘
420 3902 529 3965 virum
551 3924 691 3987 gerarum
714 3911 748 3967 ot
770 3902 887 3988 opibus
910 3902 1042 3978 clanim,
1066 3903 1200 3988 longum
1223 3909 1257 3965 ct
1279 3902 1424 3987 legitime

382 4012 397 4035 ·‘
420 4002 616 4067 famulatum
640 4003 771 4067 domino
794 4025 873 4081 suo;
903 4009 937 4068 et
959 4024 1047 4068 nunc
1071 4003 1105 4066 id
1129 4002 1284 4067 mercedis
1308 4003 1425 4087 recipit

381 4114 397 4136 ·‘
421 4109 459 4167 ut
481 4105 524 4167 ab
557 4104 628 4187 ejus
661 4110 809 4169 arceatur
843 4127 950 4191 regno.
1009 4106 1045 4169 Si
1069 4105 1261 4170 criminosus
1283 4112 1375 4181 esset,
1399 4106 1427 4169 si

381 4206 592 4271 “ratiocinia
637 4226 805 4290 nunquam
851 4207 1053 4283 reddidisset,
1093 4205 1310 4271 remittendus
1347 4211 1425 4271 erat.

382 4318 397 4341 “
420 4306 485 4372 Sed
508 4306 599 4371 aliud
622 4306 817 4371 audivimus.
864 4308 972 4394 Fugit,
998 4329 1063 4373 non
1088 4308 1166 4393 quia
1189 4306 1318 4391 culpam
1341 4328 1426 4373 corn-

381 4418 397 4443 ·‘
420 4410 519 4487 misit,
543 4408 599 4473 sed
622 4408 701 4494 quia
723 4407 916 4473 violentiam
951 4409 1078 4473 metuit.
1137 4408 1189 4471 No
1213 4407 1375 4471 miremini
1399 4408 1427 4471 si

534 4563 552 4570 .-
561 4563 588 4569 --
602 4560 837 4569 -ιη--ι--η
1077 4556 1427 4568 -.--——————

706 4632 711 4663 ¹
730 4632 869 4682 Interlined
881 4632 906 4680 in
919 4634 975 4683 MS.
991 4634 1106 4683 ll'inton.
