3316 6240
378 754 444 815 518
711 770 890 819 ιιιιιιιιι
912 770 937 819 s.
961 770 1097 829 moun,
1286 756 1375 839 [uu
1392 771 1448 824 vr.

379 958 490 1016 “tum
536 953 694 1017 Thomam
741 956 888 1032 existere,
934 956 1027 1041 cujus
1072 955 1198 1020 meritis
1245 956 1445 1021 innovatur

380 1064 396 1091 “
420 1056 553 1121 eeclesia
574 1056 729 1129 fidelium,
753 1062 787 1121 et
810 1057 846 1119 in
868 1057 932 1121 fide
956 1057 1090 1122 virescit
1112 1063 1146 1122 et
1167 1057 1383 1123 roboratur.”

404 1320 505 1403 (129.)
530 1320 576 1383 Dc
598 1325 763 1384 eoa-tracto
785 1324 904 1382 sumto
926 1317 969 1381 ira
990 1318 1119 1404 capello
1140 1317 1251 1383 acardi
1275 1316 1415 1383 Τήωηω

632 1419 736 1503 justo
760 1420 958 1484 Οἰιιιιιίιιιιη
978 1427 1174 1485 constructo.

213 1575 239 1623 A
251 1574 316 1623 lame
425 1572 519 1634 Milrs
542 1571 676 1654 quidam
699 1570 928 1648 Theutonicus‚
945 1574 1076 1636 nomine
1092 1572 1283 1648 Lodovieua
1307 1570 1437 1635 nobilis

212 1642 412 1769 ffiffifet
435 1672 527 1735 divis
558 1672 720 1735 solistant‘
697 1676 750 1747 t‚1a
782 1672 946 1756 ditiorque
977 1672 1041 1737 fide
1073 1678 1107 1738 et
1137 1674 1320 1747 devotione,
1352 1693 1434 1736 curn

213 1770 365 1822 81ΤῦοΜ
358 1795 479 1887 lrurore
503 1794 563 1837 sua
597 1772 803 1858 sepulchrum
838 1772 927 1837 beati
960 1774 1093 1839 Thomae
1128 1775 1285 1858 martJnis
1311 1773 1436 1839 adivit

211 1839 367 1969 {2³1ch
324 1856 356 1903 ²
380 1876 445 1955 Qui
469 1875 603 1947 rediens,
620 1874 768 1958 reliquiis
790 1874 907 1938 devote
922 1875 1104 1959 adquisitis
1124 1877 1227 1960 juxta
1241 1874 1434 1939 eoenobium

212 1970 305 2087 Ῑάᾞξ
298 1988 334 2029 ¹¹
378 1977 466 2063 quod
490 1982 626 2041 vocatur
649 1974 870 2039 Claustrum
861 1998 897 2038 m
919 1975 1075 2040 honorem
1099 1977 1244 2061 ejusdem
1268 1976 1403 2040 sancti¹
1394 1997 1433 2039 ιιι

211 2051 324 2165 luigni.n
377 2078 561 2165 pandochio
598 2098 657 2141 suo
695 2076 852 2163 capellam
890 2078 1083 2152 mastruxit,
1122 2082 1156 2141 et
1194 2077 1240 2140 ibi
1272 2077 1434 2161 reliquias

377 2181 556 2248 collocavit.
604 2178 673 2241 Ubi
696 2178 944 2262 cooperantibus
960 2179 1086 2243 meritis
1101 2179 1174 2264 ejus
1189 2179 1287 2243 multi
1309 2178 1428 2243 multi-

378 2283 507 2347 modam
531 2280 672 2361 gantiam
695 2279 860 2343 consecuti
883 2286 968 2343 sunt

425 2384 621 2449 Contractus
645 2381 747 2467 igitur
770 2380 912 2465 quidam,
928 2402 949 2445 a
964 2381 1084 2445 lumbis
1106 2386 1141 2445 et
1164 2383 1315 2445 deorsum
1330 2387 1427 2446 totus

379 2492 555 2557 emortuus,
580 2483 621 2547 ad
656 2482 811 2565 martyris
842 2466 1034 2566 suflragium
1058 2483 1176 2547 ductus
1210 2489 1269 2558 est,
1292 2504 1433 2567 pernoc-

379 2587 475 2663 tavit,
499 2584 668 2649 candelam
700 2582 826 2655 habuit,
852 2604 934 2666 quse,
965 2589 1004 2648 ut
1034 2583 1164 2659 dicitur,
1195 2584 1316 2668 septies
1352 2584 1432 2669 plus

377 2686 513 2750 duravit
535 2706 634 2769 qutun
657 2684 723 2748 alia
745 2689 854 2768 posset
881 2684 1005 2749 durare.
1051 2685 1162 2748 Media
1191 2692 1286 2749 nocte
1308 2686 1432 2751 beatus

376 2789 518 2853 Thomas
553 2787 662 2851 astitit
699 2787 737 2861 ei,
776 2787 940 2869 imperans
978 2793 1017 2850 ut
1054 2792 1208 2873 surgeret.
1255 2786 1318 2851 Cui
1362 2788 1429 2865 ille,

377 2898 395 2925 “
417 2889 567 2964 Domine,
591 2887 649 2973 qui
671 2893 765 2951 tanto
789 2893 934 2972 tempore
959 2890 1056 2974 figere
1079 2912 1208 2974 gressus
1230 2910 1298 2953 non
1322 2890 1429 2967 valui,

377 3000 395 3027 “
418 2991 579 3077 quomodo
603 3010 733 3074 surgam
746 2987 783 3052 t''
829 2988 927 3053 Dixit
957 2991 986 3053 ei
1017 2995 1157 3065 sanctus,
1183 2989 1323 3076 “Surge
1348 2992 1433 3075 quia

378 3100 551 3159 “sanatus
582 3090 640 3155 ea”
696 3089 873 3155 Confidens
912 3091 1105 3176 podagricus
1136 3092 1279 3156 surrexit
1309 3113 1420 3167 sanna,

377 3202 411 3263 et
433 3196 579 3283 gaudens
602 3192 667 3255 ivit
689 3193 732 3256 ad
764 3193 896 3255 domum
924 3192 1039 3255 militis
1071 3193 1221 3276 praedicti
1252 3193 1426 3258 candelam

375 3299 557 3365 accendere.
605 3293 705 3357 Militi
737 3300 847 3357 autem
872 3295 1022 3377 quaedam
1058 3315 1124 3358 vox
1147 3295 1277 3359 dixerat
1299 3296 1334 3357 in
1367 3316 1430 3359 sua

376 3398 502 3483 capella
524 3396 595 3459 fieri
611 3394 677 3458 talc
709 3395 797 3457 rmde
831 3394 920 3458 mille
952 3394 1100 3459 homines
1131 3403 1424 3463 commoverentur.

378 3499 444 3580 Qui
467 3497 581 3561 statim
604 3516 678 3560 cum
702 3515 805 3557 uxore
839 3516 899 3557 sua
932 3516 1068 3578 surgens
1100 3496 1147 3561 irc
1181 3498 1282 3581 coepit
1313 3497 1349 3561 in
1373 3520 1426 3565 ca·

377 3598 517 3686 pellam3
556 3602 589 3661 et
627 3595 839 3682 pergentibus
886 3595 933 3659 eis
969 3598 1063 3662 venit
1101 3598 1153 3660 vir
1198 3599 1329 3664 obviam
1368 3622 1430 3685 per

378 3705 555 3785 martJrem
603 3702 794 3763 consecutus
838 3698 1022 3762 sanitatem.
1084 3699 1189 3777 Quem
1228 3702 1428 3767 venerabilis

379 3826 461 3868 uxor
484 3801 600 3865 militis
623 3801 755 3863 intuens
778 3800 865 3863 vidit
887 3799 1096 3884 splendidum
1112 3808 1146 3865 et
1161 3803 1254 3886 qussi
1270 3803 1428 3889 angelicis

378 3906 526 3971 vestibus
549 3903 751 3967 adornatum.
800 3902 1080 3986 Introducensque
1105 3903 1140 3965 in
1164 3904 1298 3968 domum
1322 3928 1426 3987 arram,

378 4009 536 4093 requisito
559 4012 679 4069 eventu
712 4004 867 4080 miraculi,
905 4011 944 4067 ut
974 4005 1061 4068 vidit
1091 4027 1165 4069 eum
1197 4009 1351 4090 pannosis
1376 4011 1427 4075 in·

379 4111 497 4174 dutum
521 4108 677 4181 restituis,
702 4105 876 4188 inquisivit
898 4105 979 4189 quid
1002 4107 1042 4169 de
1065 4108 1136 4189 ejus
1159 4110 1308 4192 pretiosis
1324 4114 1430 4176 vesti-

378 4213 441 4277 bus
464 4218 572 4276 actum
597 4209 719 4271 fuisset.
766 4207 828 4269 Illo
859 4212 1000 4292 negante
1033 4230 1066 4271 se
1097 4208 1223 4293 aliquid
1246 4212 1429 4294 pretiosum

379 4316 538 4387 habuisse,
565 4312 621 4375 illa
643 4334 660 4375 e
684 4310 845 4375 contrario
870 4312 957 4394 qrrod
988 4311 1024 4373 in
1047 4310 1103 4375 illo
1135 4312 1263 4375 viderat
1285 4314 1429 4383 affirma-

379 4420 444 4483 bat.
491 4417 541 4479 Ex
566 4436 631 4499 quo
646 4413 802 4498 perpendi
818 4416 927 4497 potest
942 4412 1071 4476 mulieri
1087 4412 1247 4477 visionem
1263 4414 1430 4483 divinitus

379 4525 549 4593 ostensam,
566 4522 605 4580 ut
628 4522 662 4579 et
687 4515 793 4579 virtus
816 4516 972 4599 martyris
988 4515 1222 4593 ostenderetur,
1239 4522 1273 4581 et
1289 4519 1427 4589 devotio

378 4621 524 4685 mulieris
546 4624 727 4705 augeretur.
