3316 6240
375 829 440 893 484
707 837 885 891 maneum
908 839 933 889 s.
956 836 1093 896 moun
1285 818 1370 903 [ma.
1388 834 1439 883 vr.

377 1038 394 1065 “
416 1048 529 1094 vocem
561 1027 663 1112 coepit
696 1026 870 1092 defunctus
901 1022 1023 1089 mutire
1056 1027 1216 1108 tanquam
1249 1039 1440 1086 mammam

379 1140 394 1166 ‘⁴
416 1128 606 1217 postularet.
654 1116 708 1195 Et
741 1128 851 1192 subito
890 1126 1074 1213 pullulante
1106 1124 1219 1210 vigoro
1252 1122 1438 1188 restitutus

378 1244 394 1271 “
417 1238 475 1309 est,
499 1238 534 1298 et
555 1232 779 1299 reflorescente
802 1230 915 1308 colore,
939 1233 1035 1296 utet
1064 1227 1127 1294 hoc
1149 1224 1308 1293 miraculo
1331 1224 1437 1291 mira-

378 1347 394 1373 “
416 1336 527 1403 culum
542 1336 711 1423 adjungat.
757 1333 847 1403 Hinc
861 1332 1107 1419 peregrinantes
1131 1329 1245 1397 laudes
1260 1327 1438 1407 dedimus;

378 1448 394 1475 “
416 1443 563 1504 vestmm
586 1443 637 1503 ost
666 1436 805 1521 martyri
836 1435 1071 1503 famulantium
1101 1432 1238 1501 laudum
1265 1430 1438 1517 praeconia

379 1548 395 1578 “
417 1540 597 1627 prosequi.''

381 1805 461 1891 (90.)
493 1803 540 1871 Dc
554 1799 634 1890 filio
656 1799 808 1889 lealfi‚
831 1802 1003 1891 oppidani
1028 1799 1264 1891 anneforda'ae,
1286 1805 1433 1869 mortuo.

212 1970 365 2022 moeonas
425 1963 491 2029 Sed
513 1969 548 2029 et
569 1964 732 2029 silendum
763 1986 831 2030 csse
858 1986 925 2031 non
956 1963 1111 2029 existimo
1134 1962 1222 2049 quod
1245 1940 1433 2048 oppidanus

212 2034 349 2163 33⁸1}ssfo
381 2069 608 2136 Oxenefordiro
632 2070 801 2145 Radulfus,
825 2069 877 2134 vir
892 2070 1078 2135 devotionis
1102 2076 1136 2134 et
1159 2067 1434 2156 peregrinationis

211 2237 263 2289 hle.

212 2173 501 2250 {⁰⁸i010‘lt0aman8,
525 2173 566 2236 de
588 2172 660 2246 filio,
679 2194 737 2236 suo
768 2173 890 2250 retulit,
914 2195 1011 2258 quem
1042 2178 1237 2257 praesentem
1269 2169 1432 2235 exhibuit.

379 2274 468 2341 Nam
503 2275 582 2339 dum
613 2281 775 2342 nocturna
808 2275 940 2341 silentia
972 2276 1107 2361 vagiens
1138 2275 1347 2360 inquietaret,
1375 2294 1433 2337 ex-

379 2379 489 2444 tendit
511 2399 646 2444 manum
670 2399 763 2444 suam
786 2384 892 2444 mater
914 2379 993 2464 ejus,
1017 2383 1058 2441 ut
1080 2400 1156 2443 eum
1180 2399 1201 2443 a
1223 2377 1316 2443 cunis
1338 2375 1382 2440 ad
1399 2396 1433 2439 se

379 2482 579 2548 transferret.
627 2481 672 2545 Et
694 2503 768 2547 cum
787 2481 859 2566 jam
886 2486 1021 2557 teneret,
1045 2482 1148 2546 sensit
1170 2501 1245 2546 oum
1268 2502 1289 2545 a
1311 2477 1433 2564 spiritu

380 2585 494 2661 teneri,
506 2585 680 2670 virumque
695 2583 907 2664 acclamavit-3
923 2584 981 2669 qui
996 2585 1109 2650 stratis
1125 2583 1278 2667 exsiliens
1292 2602 1434 2667 puerum

381 2686 605 2772 apprehendit.
664 2686 751 2751 Puer
773 2691 884 2752 autem
915 2686 1036 2751 subitis
1059 2685 1226 2751 doloribus
1249 2684 1435 2769 discerptus

381 2788 570 2873 exspiravit.
617 2786 709 2854 Tunc
730 2788 898 2855 advocatis
914 2787 1033 2854 vicinis
1056 2786 1205 2852 innotuit
1225 2785 1304 2871 quia
1325 2784 1435 2849 vitam

381 2890 572 2959 exhalasset.
629 2890 746 2957 Flebat
783 2891 887 2978 igitur
924 2897 1025 2977 pater,
1064 2895 1099 2955 et
1136 2910 1261 2956 vovens
1291 2886 1435 2972 martyri

380 2993 515 3060 rhome
537 2995 594 3071 ait,
614 2994 711 3058 “Aut
732 2993 787 3061 hio
809 2994 891 3058 mihi
915 2994 1013 3059 vivus
1035 2993 1199 3069 reddetur,
1223 2997 1283 3058 aut
1306 2990 1435 3056 Cantu-

381 3106 398 3132 “
420 3098 524 3164 ariam
546 3101 696 3163 mortuus
719 3096 898 3163 effe1·otu1·.”
945 3097 990 3162 Et
1012 3096 1207 3181 persistente
1222 3116 1260 3160 eo
1282 3095 1319 3158 in
1342 3094 1434 3171 fletu,

328 3200 339 3219 ⁰
380 3205 508 3285 martyr
530 3199 680 3266 beneficii
711 3199 762 3263 sui
794 3198 897 3263 risum
925 3198 1104 3275 differebat,
1128 3219 1170 3263 ne
1192 3219 1259 3262 non
1283 3200 1435 3260 mortuus

380 3307 554 3387 putaretur
585 3303 614 3367 si
645 3302 716 3366 sine
750 3301 959 3367 cunctatione
991 3301 1212 3367 suscitaretur.
1267 3298 1320 3363 No
1354 3318 1435 3364 vero

380 3403 469 3468 una¹
492 3424 591 3468 moran
622 3403 794 3489 prolixitas
826 3403 1050 3481 interveniret,
1074 3408 1109 3468 ot
1140 3402 1334 3470 miraculum
1366 3422 1437 3466 non

380 3505 573 3580 crederetur,
604 3525 747 3590 congruo
770 3509 917 3592 temporo
948 3504 1096 3590 ejusdem
1123 3503 1230 3572 noetis
1252 3503 1357 3569 vitam
1382 3524 1434 3568 re·

381 3606 520 3672 vocavit.
1359 3650 1361 3654 ψ

426 3709 564 3794 Aliquot
586 3714 698 3776 autem
722 3707 845 3774 mortui
872 3707 1036 3776 scribendi
1059 3714 1194 3787 restant,
1219 3708 1283 3796 qui,
1307 3706 1436 3794 sipost

381 3818 520 3879 mortem
543 3813 655 3879 vivero
689 3813 835 3901 eupiunt,
863 3834 1021 3899 suamque
1053 3813 1090 3876 in
1121 3836 1229 3878 aevum
1262 3832 1436 3899 prorogare

381 3917 581 3993 memoriam,
620 3916 772 4002 quamvis
810 3916 846 3978 in
884 3915 1006 3980 tabulis
1044 3915 1165 3980 nostris
1199 3917 1434 4001 praenotentur,

300 4023 306 4040 '
382 4024 494 4086 tanren
517 4020 619 4086 alium
643 4040 742 4103 quam
772 4023 921 4084 nostuun
954 4017 1079 4104 stylum
1110 4022 1307 4102 exspectent.
1368 4015 1436 4080 Sed

383 4128 418 4186 et
440 4123 599 4189 sanitates
622 4121 703 4188 alias
735 4120 893 4188 beneficio
916 4120 1071 4206 martyris
1095 4120 1258 4206 impensas
1281 4119 1436 4205 prosequi

383 4248 450 4293 non
482 4247 674 4314 possumus3
712 4246 790 4290 nam
828 4224 957 4290 malitia
991 4224 1146 4310 temporis
1183 4222 1335 4310 impediti
1374 4243 1436 4288 nec

382 4333 563 4399 necessaria
585 4354 645 4397 nec
669 4335 798 4416 tompus
821 4328 980 4394 habemus
1002 4329 1045 4393 ad
1068 4326 1282 4394 scribemlum.

384 4508 409 4516 -
427 4509 432 4512 -
452 4506 579 4514 .——--
607 4505 727 4513 ---·--
742 4502 1428 4513 --—--—-——-——-———-—-—---—-—-—-

849 4606 855 4641 ¹
874 4610 973 4658 raissius!
