3316 6240
221 1254 286 1307 ur.
302 1238 354 1325 11'.]
422 1254 582 1304 sperone
603 1254 784 1305 mursano
806 1255 1069 1305 canrosarursr.
1207 1243 1269 1304 235

221 1444 316 1505 actus
337 1443 555 1504 moverentur.
587 1438 721 1554 Jugiter
742 1439 847 1526 igitur
861 1436 980 1503 affixus
1003 1438 1086 1504 lecto
1102 1438 1272 1522 premebat

222 1541 353 1626 occiput
374 1540 494 1625 supina
514 1539 605 1617 facie,
628 1537 777 1625 spinam¹
802 1560 955 1641 corporea
969 1537 1061 1603 mole.
1094 1539 1183 1603 Nam
1205 1560 1272 1602 non

222 1647 353 1728 poterat
385 1642 513 1708 alterna
533 1641 760 1708 mcbmtudine
795 1632 1024 1725 compatientis
1049 1640 1162 1705 lateris
1184 1641 1271 1704 latus

222 1743 385 1820 alleviare,
400 1749 559 1828 tanquam
574 1742 713 1828 desuper
728 1741 933 1807 diceretur'
905 1762 944 1818 er,
970 1741 1097 1817 “,Tolle
1113 1741 1269 1817 siliceme,

224 1852 241 1879 ‘⁴
263 1844 377 1908 vultus
391 1850 467 1909 tuos
481 1844 525 1909 ad
539 1843 653 1908 sidera.
692 1842 875 1908 Recordare
890 1840 1055 1907 Creatoris
1071 1843 1122 1906 tui
1138 1847 1272 1928 propter

224 1952 241 1978 “
263 1966 361 2029 quern
382 1944 488 2010 factus
503 1965 545 2008 es.
578 1942 807 2028 Contemplare
823 1941 969 2007 coelestia
992 1964 1065 2026 quae
1089 1943 1152 2007 tibi
1167 1942 1271 2007 vilue-

224 2053 240 2079 “
262 2051 349 2109 runt.
395 2045 473 2109 Noli
497 2067 556 2129 pro
579 2043 813 2109 consuetudine
836 2043 941 2108 veteri
956 2043 1070 2106 vultus
1093 2045 1213 2108 mentis
1235 2044 1271 2106 in

224 2155 241 2180 “
263 2152 383 2212 terram
405 2145 570 2232 defigere.’'
609 2146 726 2229 Itaque
750 2167 808 2209 sex
831 2144 993 2208 mensium
1017 2145 1176 2211 curriculo
1199 2146 1270 2229 qui-

223 2248 294 2313 evit
307 2249 471 2324 immotus,
487 2269 529 2312 ne
545 2254 654 2311 motus
669 2246 801 2311 illicitos
817 2254 988 2332 exerceret.
1021 2247 1125 2332 Finge
1140 2270 1270 2312 causam

222 2350 327 2415 morbi
358 2349 573 2436 iiigiditatern
606 2349 742 2412 senilem
773 2370 815 2412 ex
847 2349 1052 2412 abundantia
1086 2350 1272 2425 fleumatis?

222 2457 282 2516 aut
307 2451 490 2536 juvenilem
522 2451 663 2516 calorem
697 2471 740 2512 ex
774 2449 938 2512 infusione
961 2449 1152 2534 sanguinis;
1182 2449 1270 2536 finge

223 2553 294 2616 vini
309 2554 491 2631 fervorem;
514 2552 601 2637 finge
624 2550 826 2636 frigidiorem
842 2550 1097 2635 indigestionem
1114 2551 1271 2627 ciborum,

222 2653 276 2717 vel
313 2653 465 2729 laborem,
498 2653 553 2716 vel
590 2652 681 2716 aliud
719 2650 846 2734 aliquid
880 2651 968 2735 quod
991 2651 1181 2715 miserrimis
1204 2673 1272 2716 cor-

222 2754 357 2840 poribus
390 2754 516 2818 innasci
538 2758 664 2837 potest:
699 2752 810 2814 verius
833 2773 997 2815 asseveres
1029 2753 1117 2836 quod
1148 2753 1273 2817 vindex

223 2856 272 2919 ira
294 2855 358 2919 Dei
380 2875 455 2917 suas
478 2855 514 2916 in
537 2876 574 2917 eo
590 2853 780 2916 vindicabat
803 2852 947 2935 injurias
995 2853 1083 2916 Nam
1106 2853 1274 2937 dispensat

223 2956 394 3030 Dominus,
418 2955 475 3037 qui
498 2953 574 3016 vult
596 2974 708 3016 omnes
730 2952 879 3017 homines
902 2950 1010 3016 salvos
1033 2953 1113 3030 fieri,
1130 2959 1169 3017 ut
1192 2976 1273 3038 quos

223 3056 391 3121 naturalia
424 3055 510 3118 bona
546 3075 615 3117 non
649 3053 804 3118 cohibent
841 3076 862 3118 a
892 3060 1024 3139 peccato
1060 3054 1114 3119 vel
1146 3055 1274 3121 inflicta

224 3157 313 3222 mala
345 3160 521 3231 coerceant,
545 3162 580 3219 et
612 3154 669 3238 qui
707 3155 758 3218 sui
781 3176 848 3218 non
882 3155 1095 3220 recordantur
1117 3158 1152 3219 in
1184 3179 1272 3242 pros-

224 3260 310 3345 peris
333 3263 526 3323 revocentur
548 3258 584 3321 in
606 3257 760 3321 adversis.
808 3257 892 3322 Cum
916 3258 1020 3343 igitur
1041 3259 1274 3325 destitueretur

225 3360 330 3424 officio
354 3359 583 3434 membrorum,
607 3357 775 3421 intellexit
797 3357 860 3420 sibi
884 3378 1017 3442 leaenam
1040 3361 1182 3473 peccatis
1204 3361 1273 3424 exi-

225 3461 381 3548 gentibus
404 3460 572 3536 inflictam,
596 3466 630 3524 et
652 3459 701 3523 ait
724 3480 840 3535 secum,
866 3460 934 3521 “In
957 3481 1009 3523 me
1028 3461 1183 3524 miserum
1207 3484 1273 3527 me-

226 3563 339 3627 “n'tis
370 3563 504 3646 exigent
490 3561 578 3624 tibus
608 3559 696 3624 mala
718 3560 910 3625 reciderunt.
959 3560 1091 3625 Vindex
1114 3563 1274 3627 malorum

226 3674 242 3700 “
265 3664 434 3740 Dominus,
452 3684 549 3747 quem
563 3661 687 3726 totiens
702 3661 901 3745 exasperavi,
918 3661 1197 3727 satisfactionibus
1213 3666 1273 3727 mi-

224 3776 242 3802 “
264 3767 420 3854 tigandus
436 3771 493 3840 est,
510 3769 550 3828 ut
565 3762 696 3828 etmihi
712 3763 889 3848 mitigetur.
898 3763 1036 3827 morbus.
1077 3764 1162 3850 Ergo
1177 3766 1274 3831 adibo

225 3878 241 3904 “
264 3870 335 3935 loca
355 3869 454 3954 plena
469 3864 583 3942 veniae,
600 3865 657 3929 ubi
676 3871 872 3949 procununt
887 3865 1013 3928 fluenta
1035 3865 1273 3945 misericordiae,

225 3979 241 4005 “
263 3971 321 4035 ubi
355 3968 601 4055 superabundat
631 3965 746 4051 gratia,
778 3965 835 4028 ubi
871 3965 1084 4031 medicamine
1116 3968 1167 4031 sui
1200 3990 1274 4033 san·

224 4081 241 4135 ‘t
263 4073 373 4159 guinis
395 4070 527 4156 agmina
542 4068 728 4131 morborum
752 4072 863 4151 pastor
885 4067 1008 4131 occisus
1031 4069 1157 4145 occidit,
1182 4070 1275 4161 cujus

225 4183 241 4209 “
264 4172 492 4237 intercessione
515 4168 771 4232 misericordiam
802 4189 980 4252 consequar
1012 4176 1046 4233 et
1069 4169 1274 4234 remedium.'’

224 4275 459 4339 Transvectum
491 4276 542 4334 est
573 4269 685 4353 itaque
720 4268 934 4335 Cantuariam
967 4269 1066 4332 funus
1104 4271 1140 4332 in
1173 4271 1275 4350 leet03

224 4377 304 4463 quid
326 4375 414 4440 enim
438 4371 583 4436 distabat
605 4392 625 4435 a
648 4371 761 4434 funere
777 4371 829 4434 cui
853 4370 977 4434 funeris
993 4371 1146 4454 obsequio
1169 4372 1274 4436 lamu-

222 4479 328 4544 latum
362 4480 435 4540 ost?
481 4474 657 4557 Postquam
681 4494 758 4536 voro
782 4472 947 4535 tumulum
970 4474 1125 4557 martyris
1151 4475 1273 4559 attigit,

223 4579 267 4644 ad
288 4579 402 4642 horam
426 4579 592 4658 resumpto
616 4573 726 4657 vigore
750 4573 785 4635 in
808 4573 906 4656 pedes
929 4573 1087 4636 constitit.
1134 4575 1274 4638 Amotus

223 4685 334 4744 autem
357 4700 377 4743 a
400 4677 516 4742 tumba
538 4674 655 4739 recidit
677 4674 712 4736 in
736 4673 939 4738 debilitatem
963 4681 997 4738 ot
1020 4675 1273 4750 dissolutionem,

259 4965 350 5014 ¹'l'his
375 4964 505 5013 istdrncd
533 4966 567 5026 by
585 4963 726 5013 interlinea·
810 4962 1042 5026 ²‘i.e.plleymans.

226 5045 278 5095 tion
295 5044 321 5092 in
332 5044 389 5093 MS.
403 5042 515 5093 Winton.
528 5042 582 5092 into
602 5043 725 5105 supinum-

227 5124 380 5189 praefortem.
