3316 6240
355 764 420 827 318
688 773 870 824 marcum
891 773 918 825 s.
940 772 1079 834 raons,
1264 755 1343 839 [ms.
1361 769 1406 819 ιν.

354 960 515 1046 estquod
545 960 756 1046 infringenda
777 965 869 1025 esset.
916 958 1129 1043 Sollicitoque
1156 956 1290 1023 domino
1312 957 1409 1023 navis

353 1083 396 1127 no
419 1083 517 1148 opera
546 1062 669 1148 periret
691 1067 725 1127 et
748 1061 903 1147 impensa,
927 1060 1114 1128 consultum
1137 1059 1299 1146 estquod
1328 1059 1407 1124 novi

354 1164 510 1249 martyris
540 1163 674 1229 Thomae
697 1162 891 1249 suffragium
921 1161 1111 1248 postularet.
1159 1160 1227 1242 Qui
1255 1161 1408 1246 adquies-

354 1286 429 1330 oens
459 1265 516 1343 ait,
541 1265 643 1332 “Duc
665 1265 702 1329 in
723 1264 837 1341 altum,
860 1269 996 1350 martyr,
1026 1263 1213 1331 machinam
1243 1264 1350 1340 istam,
1374 1267 1409 1327 et

354 1366 533 1455 “singulis
565 1366 636 1452 ojus
667 1365 902 1451 negotiationis
931 1365 1107 1431 itineribus
1141 1369 1275 1431 centum
1307 1363 1408 1429 libras

355 1476 372 1502 “
395 1490 477 1535 cerae
509 1467 572 1533 tibi
610 1466 795 1553 promitto.’'
849 1466 1004 1533 Admotis
1038 1467 1142 1553 igitur
1179 1465 1340 1543 manibus,
1373 1470 1408 1530 et

354 1570 460 1636 multo
483 1569 693 1656 paucioribus
715 1590 816 1655 quam
837 1573 915 1633 ante
937 1568 1193 1655 impellentibus,
1216 1567 1283 1633 levi
1314 1572 1407 1632 motu

232 1692 235 1699 ·
355 1678 515 1758 tanquam
534 1693 631 1759 super
653 1670 816 1737 lub1icum
831 1671 959 1757 aliquid
980 1670 1156 1757 prolabens
1179 1668 1349 1736 descondit
1371 1667 1408 1732 in

355 1774 469 1840 undas.
532 1772 577 1839 Et
613 1773 702 1841 facta
738 1778 789 1840 est
825 1778 905 1840 voto
941 1794 1045 1859 usque
1083 1773 1120 1838 in
1157 1771 1408 1859 praesentiarum

356 1875 506 1942 obnoxia.

357 2116 415 2203 (7.)
440 2116 488 2183 De
518 2116 592 2183 aa
614 2115 797 2203 sperante
823 2114 985 2201 forastrum
1006 2137 1105 2201 qamt
1128 2140 1194 2204 pro
1226 2125 1408 2205 transpice-

667 2218 761 2285 aaa
784 2216 853 2285 volt
872 2216 1078 2305 parrltdcrot.

189 2404 339 2465 Beberaci
401 2387 463 2452 Vir
496 2386 631 2473 quidam
668 2386 842 2473 Augensis,
877 2386 1041 2452 Robertus
1079 2389 1219 2467 nomine,
1257 2388 1409 2455 laborans
1536 2456 1540 2465 ,

188 2471 238 2533 nu,
249 2470 272 2521 ia

236 2537 269 2587 eu
295 2536 308 2585 f
356 2490 531 2568 antimaria,
542 2490 631 2575 apud
646 2487 963 2574 martyreminvoto
973 2490 1245 2575 peregrinationis
1257 2492 1409 2558 effectum

189 2552 337 2682 {alanta
358 2590 601 2678 propiciationis
633 2589 770 2655 nvom.
828 2588 973 2656 sanias
1007 2591 1190 2669 restitutus,
1225 2593 1262 2657 a
1292 2593 1410 2679 Angli-

189 2684 458 2803 ffiffi{,oanas
480 2700 590 2781 partes
616 2692 745 2759 delatus
768 2698 886 2759 votum
916 2693 1051 2778 exsequi
1082 2695 1328 2775 meditabatur3
1350 2716 1409 2761 no-

189 2804 237 2853 but
246 2800 307 2881 lais
320 2810 347 2854 to
359 2796 505 2862 lentibus
545 2800 658 2863 autem
696 2794 824 2860 itineris
867 2794 1042 2861 comitibus
1080 2803 1209 2863 tantam
1252 2798 1410 2865 orationis

190 2866 307 2987 fumun
359 2920 459 2966 causa
496 2898 586 2965 viam
623 2896 792 2985 proficisci,
829 2898 1025 2964 necessitate
1062 2900 1258 2985 compulsus,
1293 2906 1410 2966 votum

360 3000 495 3088 exsequi
516 2999 707 3088 supersedit.
755 2998 821 3065 Sed
843 2999 1020 3066 necessitas
1042 2999 1234 3086 hujusmodi
1264 3023 1331 3068 non
1353 3024 1410 3067 ex-

358 3109 458 3171 cusat.
505 3103 556 3168 De
590 3101 763 3169 voluntate
796 3101 964 3186 procedit3
994 3123 1062 3167 non
1094 3103 1182 3168 enim
1206 3104 1280 3170 ideo
1313 3104 1411 3190 eulpa

358 3226 425 3271 non
447 3209 499 3270 est
513 3204 591 3290 quia
612 3203 787 3271 necessitas
810 3207 868 3280 est,
884 3204 963 3289 quia
986 3209 1025 3269 ut
1047 3210 1132 3271 esset
1146 3206 1320 3273 necessitas
1342 3227 1410 3271 non

358 3308 534 3377 necessitas
565 3327 664 3373 causa
696 3304 771 3385 fuit,
806 3305 864 3370 sed
898 3304 1061 3371 voluntas.
1108 3307 1243 3374 Poterat
1277 3308 1409 3394 quidem

357 3430 492 3495 peregre
514 3407 718 3494 profecturus
740 3406 804 3471 sibi
826 3405 890 3472 iter
920 3406 1105 3493 arripuisse,
1129 3430 1196 3475 non
1219 3415 1259 3475 ut
1288 3432 1331 3475 cx
1352 3431 1410 3476 vo·
1536 3440 1541 3447 ·

358 3511 487 3577 luntate
510 3510 671 3577 sociorum
696 3508 807 3606 animo
829 3529 905 3575 suas
928 3508 1082 3575 liberaret
1113 3512 1265 3578 actiones.
1311 3510 1411 3577 Unde

359 3612 438 3698 quia
460 3611 641 3698 postposito
664 3615 743 3677 voto
765 3610 857 3677 aliud
880 3611 1015 3697 exsequi
1039 3613 1176 3690 curavit,
1200 3613 1313 3679 vexari
1336 3634 1410 3699 pro·

359 3714 488 3781 meruit
534 3714 579 3779 Et
603 3736 726 3791 rursus,
749 3714 829 3799 quia
850 3735 872 3779 a
901 3714 1069 3800 proposito
1091 3721 1127 3781 et
1156 3717 1331 3783 voluntate
1353 3738 1411 3782 vo·

359 3823 433 3884 tum
447 3838 514 3884 non
536 3816 670 3894 amovit,
686 3815 824 3882 alienari
847 3837 980 3902 prorsus
1001 3837 1023 3883 a
1045 3817 1268 3885 misericordia
1291 3819 1411 3906 diguus

193 3920 566 4107 neanchisnolefirdldbat
595 4020 709 4105 itaque
735 4040 810 4086 cum
842 4020 947 4085 tribus
979 4020 1053 4087 aliis
1083 4021 1328 4099 mercatoribus,
1352 4022 1411 4107 qui

193 4118 313 4167 compnn-
359 4123 470 4189 rhedae
492 4121 654 4189 sarcinam
680 4142 865 4207 pannorum
895 4122 1126 4208 imposuerant.
1174 4122 1259 4189 Cum
1291 4124 1411 4209 quibus

193 4170 319 4301 qouqssqrecd
360 4230 395 4291 ot
425 4224 645 4313 alligaverant
678 4244 804 4289 marcas
837 4224 1131 4312 quadragintascx
1162 4247 1237 4292 cum
1269 4232 1412 4311 quatuor

194 4303 230 4368 by
240 4320 257 4353 a
267 4302 320 4352 loss

193 4370 332 4433 osmoney.
360 4328 492 4394 annulis
525 4327 642 4394 aureis.
689 4326 833 4392 Praeibat
864 4332 976 4393 autom
1010 4349 1099 4414 puer,
1123 4328 1177 4395 cui
1199 4350 1308 4394 rerum
1340 4351 1412 4396 cus-

360 4430 453 4496 todia
474 4430 703 4516 deputabatur,
727 4427 812 4514 bigae
835 4427 1023 4509 adhaerens3
1045 4451 1111 4515 quo
1133 4431 1243 4495 minus
1273 4431 1413 4498 sollicito

361 4532 454 4618 lapsa
476 4537 526 4597 ost
548 4530 697 4617 pecunia,
720 4529 863 4597 dominis
894 4552 916 4597 a
948 4531 1044 4618 longe
1067 4532 1344 4617 subsequentibus
1378 4538 1413 4598 et

362 4633 493 4720 ignaris.
539 4632 703 4715 Quicum
726 4633 884 4702 damnum
906 4654 1004 4700 suurn
1026 4634 1255 4714 advertissent,
1279 4635 1411 4704 haesita·
