3316 6240
339 823 403 886 532
674 833 853 885 nemaeum
876 833 900 882 s.
925 832 1062 894 ruens,
1248 817 1335 901 [nm.
1353 830 1405 881 vr.

377 1035 479 1121 (151.)
503 1034 551 1101 Do
573 1032 853 1121 archipresbytero
876 1032 1127 1119 barrpdrcnenci
1148 1040 1178 1100 et
1200 1032 1372 1121 nrorenelro

714 1136 859 1221 Auptico
882 1136 1022 1203 sonatis.

172 1277 294 1358 unstrot
383 1278 656 1365 Archipresbyter
700 1277 881 1355 Wieardus,
928 1278 964 1341 in
1018 1298 1101 1362 pago
1147 1276 1403 1362 Lungdunensi,

172 1346 292 1464 mlii.
340 1384 453 1449 morbo
491 1382 662 1447 laborabat
700 1380 882 1456 incurabili,
921 1380 979 1465 qui
1017 1378 1252 1465 protuberabat
1291 1379 1323 1444 ei
1364 1379 1403 1443 in

173 1476 316 1596 lffif’gn·
342 1485 449 1551 medio
472 1484 552 1562 nasi,
569 1504 701 1570 serpens
718 1489 753 1547 et
768 1502 912 1548 crescens
935 1481 1049 1558 indies,
1069 1482 1204 1567 jamque
1227 1481 1403 1548 oculorum

174 1560 305 1669 neralnu
342 1589 444 1655 aciem
467 1588 653 1672 occupabat.
701 1584 767 1651 Sed
790 1591 825 1651 et
847 1584 1026 1652 monachus
1059 1584 1099 1649 de
1121 1584 1271 1650 coenobio
1306 1584 1401 1669 quod

175 1674 318 1794 gssffi‘lml
342 1690 443 1776 Angli
475 1696 596 1755 vocant
630 1687 785 1753 Weneloe
815 1688 957 1752 alterum
992 1686 1159 1753 oculorum
1191 1708 1328 1751 suorum
1364 1694 1402 1753 et

176 1810 245 1863 locs.
342 1796 452 1879 partes
467 1790 654 1876 adjacentes
677 1811 751 1856 cum
767 1790 871 1855 nimio
894 1789 1003 1855 dolore
1025 1790 1184 1866 tumebat,
1200 1794 1401 1875 poteratque

343 1896 528 1980 impransus
551 1892 661 1957 ebrius
691 1892 805 1969 videri,
830 1892 909 1977 quia
938 1890 1076 1977 singulis
1098 1891 1214 1955 diebus
1244 1892 1345 1956 rubor
1369 1892 1402 1956 ei

344 1997 510 2067 circularis
533 1997 569 2060 in
583 1996 691 2061 fronte
713 1995 895 2061 ducebatur
916 2000 994 2061 ante
1017 1994 1199 2080 prandium.
1245 1992 1400 2081 Utroque

344 2100 485 2185 martyri
508 2102 659 2175 vovente,
684 2097 824 2183 contigit
855 2102 933 2162 ante
956 2097 1028 2162 voti
1053 2096 1315 2182 prosecutionem
1346 2118 1400 2161 so-

346 2201 455 2265 brium
490 2199 594 2263 videri
633 2220 731 2285 quem
770 2197 901 2264 morbus
939 2198 1066 2263 ebrium
1104 2202 1183 2264 anto
1220 2198 1401 2285 prandium

347 2302 577 2378 mentiebatur,
610 2307 644 2366 et
676 2322 752 2366 eum
784 2305 992 2366 venustatem
1024 2321 1117 2365 suam
1155 2301 1225 2366 sine
1256 2301 1402 2387 vestigio

348 2404 567 2470 deformitatis
600 2403 735 2468 induere
759 2424 855 2489 quem
878 2404 950 2468 nesi
982 2403 1129 2489 pravitas
1152 2403 1402 2489 deturpaverat,
1479 2482 1487 2489 ⁸

347 2508 429 2573 adeo
453 2511 491 2570 ut
514 2506 629 2571 divina
651 2527 750 2573 manu
775 2506 880 2573 curati
909 2510 996 2573 recte
1019 2505 1205 2573 dicerentur
1235 2526 1277 2571 ex.
1300 2507 1402 2571 bene·

347 2610 422 2674 ficio
445 2609 598 2674 sanitatis
622 2613 656 2673 et
679 2608 789 2674 subita
812 2607 981 2674 curatione
1015 2607 1226 2686 infirmitatis,
1252 2630 1328 2694 quen
1363 2610 1402 2674 in

347 2711 452 2776 altero
488 2717 622 2798 septem,
656 2711 692 2776 in
723 2710 826 2779 altero
866 2716 931 2778 tres
965 2711 1095 2781 circiter
1129 2732 1233 2779 annos
1266 2711 1401 2781 invalu-

349 2818 425 2879 erat.

447 3018 550 3103 (152.)
576 3016 744 3101 Quorreodo
766 3024 900 3105 nnertyr
925 3017 1068 3085 Tbonros
1089 3017 1296 3085 Pori-tertiari

482 3142 633 3188 coacense
655 3120 888 3188 obniutescerete
911 3120 1078 3207 leoteriam
1099 3120 1258 3188 sublidit.

181 3276 315 3337 nouerat
393 3262 578 3329 Conversus
608 3263 644 3325 in
676 3262 772 3326 domo
794 3261 1044 3326 Punteniaeensi
1078 3261 1248 3340 Robertus
1272 3262 1405 3348 pridem

181 3345 295 3459 {ssrbgss'
348 3388 461 3431 servus
484 3364 669 3431 cancellarii
699 3365 842 3439 Themin,
866 3387 907 3428 ex
941 3365 1106 3449 synantia,
1130 3364 1216 3430 sieut
1247 3367 1406 3444 creditur,

181 3475 319 3538 Pontigny,
349 3466 523 3541 obmutuit,
548 3471 583 3529 ot
605 3488 662 3551 per
683 3465 920 3530 hebdomadem
953 3468 1024 3531 sine
1046 3467 1119 3533 cibo
1146 3468 1288 3533 duravit,
1338 3468 1405 3534 Cui

182 3542 330 3658 mizdo?
346 3570 415 3654 jam
439 3568 611 3651 desperate
644 3567 705 3629 srrb
740 3568 946 3652 intempestae
980 3570 1085 3634 noctis
1112 3569 1242 3634 silentio
1274 3576 1406 3656 martyr

184 3674 222 3724 st.
235 3673 304 3721 'rna
350 3672 406 3746 ait,
442 3668 585 3733 “Frater
622 3668 772 3744 lieberto,
806 3691 914 3733 nonne
951 3670 1093 3754 loquoris
1106 3671 1144 3735 t”
1201 3671 1408 3740 AEstimabat

182 3740 336 3865 blumbi,
349 3778 461 3838 autern
494 3794 580 3858 niger
614 3773 693 3856 quia
725 3772 789 3835 sibi
823 3772 1084 3857 colloquerentur
1114 3772 1238 3848 fratres,
1261 3796 1406 3859 quorum

183 3888 298 3950 recor-ers
350 3876 498 3942 sollicitis
531 3876 725 3940 servabatur
756 3876 910 3940 excubiis.
958 3875 1023 3940 Sed
1055 3881 1090 3940 et
1122 3877 1241 3940 iterum
1274 3884 1408 3964 martyr

184 3939 335 4005 hrrrpeeeh.
351 3981 487 4065 repetiit
521 3980 661 4043 eundem
696 4000 884 4044 sermonem.
932 3978 1160 4043 Redeuntibus
1192 3983 1303 4045 autem
1339 3980 1407 4048 fra-

351 4083 458 4146 tribus
490 4103 510 4147 a
543 4081 791 4146 noetumalibus
825 4080 948 4166 vigiliis
982 4080 1031 4145 ait
1060 4085 1095 4145 et
1128 4082 1235 4157 tertio,
1259 4081 1408 4149 “Frater

352 4191 368 4220 “
393 4185 543 4259 Roberto,
568 4184 699 4267 loquere
723 4182 826 4261 mihi3
849 4182 990 4247 Thomas
1014 4204 1074 4268 ego
1097 4183 1197 4247 sum.”
1244 4183 1304 4249 Ille
1327 4206 1408 4251 con-

348 4287 445 4372 jectis
469 4285 570 4352 oculis
595 4286 637 4349 ad
660 4285 768 4350 radios
792 4284 940 4361 lncemre,
964 4307 1039 4369 quoe
1062 4285 1204 4351 necdum
1227 4286 1405 4372 extingue-

351 4390 458 4465 batur,
494 4395 674 4473 martyrem
707 4388 884 4473 conspexit,
909 4393 943 4451 et
969 4388 1005 4450 in
1031 4409 1145 4452 vocem
1177 4388 1406 4473 imperfectam

352 4513 395 4555 ex
418 4490 535 4555 laetitia
558 4490 677 4555 mentis
708 4490 824 4575 erupit,
850 4495 867 4523 “
877 4488 1025 4565 Thomas,
1050 4489 1192 4557 Thomas
1205 4489 1236 4553 !''
1259 4496 1293 4554 et
1326 4512 1406 4556 con·

352 4592 462 4655 sestim
485 4593 630 4658 solutum
653 4592 775 4679 linguar
797 4592 967 4661 vinculum
991 4593 1026 4658 in
1048 4614 1159 4677 preces
1182 4598 1216 4657 ct
1239 4595 1406 4677 praeconia

351 4692 487 4761 laxavit.
