3316 6240
234 1290 297 1338 nm.
315 1272 376 1356 ru]
433 1286 592 1335 auctoru
614 1285 795 1334 umrunno
818 1284 1083 1334 esurumnnusr.
1222 1270 1288 1333 363

239 1599 318 1683 (51.)
342 1597 390 1662 De
421 1595 511 1661 beato
543 1594 669 1660 Thema
698 1600 851 1660 proseuta
880 1594 922 1660 ia
948 1591 1075 1659 serenis
1101 1593 1199 1658 orari
1223 1615 1290 1679 pro

621 1694 815 1761 adversata
836 1717 904 1761 suo.

283 1861 387 1925 Aliud
408 1861 462 1926 hio
484 1861 615 1947 signum
648 1861 688 1924 de
711 1859 933 1924 misericordia
963 1858 1118 1942 martyris
1142 1859 1290 1935 occurrit,
1305 1875 1440 1942 somepn.

239 1965 335 2048 quod,
359 1963 437 2047 quia
459 1984 511 2027 res
533 1962 648 2047 exigit,
667 1961 835 2027 absolvere
858 1960 1011 2026 volumus
1034 1961 1226 2046 priusquam
1248 1942 1292 2026 ad
1303 1943 1466 2061 ffissssm

239 2073 385 2132 mortuos
401 2066 481 2130 adies
497 2071 709 2130 transeamus.
757 2064 899 2144 Quidam
916 2063 939 2128 J
939 2064 1143 2128 erosolimam
1159 2086 1292 2150 peregre
1305 2076 1381 2141 being
1391 2077 1418 2126 in

239 2169 478 2255 proficiscentes
502 2168 647 2253 quinque
675 2167 791 2231 diebus
813 2172 1010 2252 tempestate
1034 2166 1146 2231 valida
1163 2166 1291 2252 jactati,
1304 2144 1438 2269 gppgggat

238 2271 317 2334 navi
341 2291 400 2335 sua
421 2269 514 2332 rimis
537 2269 716 2345 fatiseente,
732 2268 828 2333 malis
852 2268 958 2332 tribus
981 2268 1113 2333 succisis
1134 2273 1168 2332 et
1191 2268 1291 2333 clavis
1304 2275 1416 2324 Thomas

239 2372 368 2436 duobus
390 2370 572 2447 oonfraotis,
589 2372 624 2434 in
647 2371 809 2436 incertum
832 2370 1029 2445 ferebantur,
1053 2376 1170 2435 aestum
1193 2356 1428 2457 marisffl?

240 2477 275 2537 et
289 2478 420 2558 raptum
436 2477 610 2537 ventorum
634 2477 814 2556 sequentes,
832 2471 934 2536 donee
949 2472 1065 2556 piratis
1089 2472 1125 2534 in
1147 2472 1292 2556 praedam
1305 2473 1431 2588 averem?
1441 2473 1463 2522 if

241 2579 275 2638 et
297 2573 516 2658 direptionem
539 2573 618 2637 faeti
644 2573 739 2658 gravi
762 2573 809 2637 rei
832 2572 1005 2636 familiaris
1040 2572 1294 2657 profligarentur
1305 2556 1461 2669 primnis

241 2675 361 2760 inopia.
400 2674 493 2738 Inter
515 2672 586 2739 haee
609 2679 643 2738 et
658 2672 724 2738 alia
738 2673 883 2749 adversa,
900 2673 1031 2738 auidam
1047 2696 1089 2738 ex
1104 2674 1216 2738 nautis
1239 2675 1292 2739 die
1304 2674 1433 2787 ppruerer

242 2778 392 2863 quadam,
426 2777 609 2862 Anglieano
640 2799 757 2862 genere
790 2782 824 2840 et
858 2777 1051 2841 sacerdotali
1084 2777 1292 2862 professione,
1326 2754 1427 2789 rzurse.

239 2881 356 2944 beatus
391 2879 533 2944 Thomas
565 2880 756 2965 pervisum
791 2880 907 2943 astitit.
964 2879 1197 2965 Interrogabat
1220 2883 1293 2965 qui-

241 3002 352 3046 escens
375 2981 450 3065 quis
473 2986 559 3045 esset
585 2981 643 3065 qui
674 2981 737 3044 sibi
760 2986 891 3045 astaret.
939 2981 1172 3066 Respondebat
1194 2982 1294 3047 adve-

240 3074 343 3162 niens,
368 3094 384 3120 “
401 3086 472 3171 Ego
495 3085 644 3162 Thomas,
669 3086 924 3154 Oantuariorum
947 3088 1113 3171 quondam
1145 3089 1292 3156 antistes.

244 3195 260 3221 “
283 3188 365 3251 Asto
388 3191 500 3250 autem
523 3208 612 3251 nuno
634 3186 697 3250 tibi
724 3192 763 3250 ut
786 3187 874 3252 dieas
897 3188 1009 3252 nautis
1032 3188 1106 3253 istis
1129 3195 1293 3274 quatenus

243 3297 259 3322 “
282 3292 377 3352 orent
410 3309 469 3372 pro
503 3287 687 3373 Reginaldo
721 3288 853 3364 Ursida,
877 3289 1059 3354 orationem
1082 3291 1291 3357 Dominieam

245 3398 262 3423 “
284 3389 468 3464 fundentes,
502 3394 542 3452 ut
572 3389 643 3474 ejus
674 3390 868 3453 misereatur
902 3390 1017 3469 Deus3
1059 3398 1092 3456 et
1130 3392 1292 3478 siquidem

214 3501 260 3530 '“
284 3495 429 3570 fecerint,
446 3516 487 3558 se
514 3495 567 3558 die
590 3496 733 3560 crastina
763 3501 884 3559 terram
917 3496 1204 3582 apprehensuros.’'
1251 3499 1293 3562 In

245 3597 297 3661 his
320 3595 480 3681 evigilans
503 3597 606 3662 alium
632 3595 861 3683 presbyterum
884 3598 927 3662 ad
950 3621 984 3663 se
1007 3600 1148 3675 vocavit,
1173 3601 1291 3677 dicens,

247 3708 263 3735 “
286 3699 453 3763 Visionem
476 3699 555 3775 vidi,
589 3721 688 3784 quam
721 3700 750 3764 si
781 3700 903 3776 dixero,
927 3722 994 3764 non
1025 3702 1090 3765 erit
1120 3702 1177 3787 qui
1209 3703 1292 3766 mihi

246 3810 263 3836 “
285 3802 384 3867 fidem
416 3802 580 3868 adhibeat.
635 3803 690 3868 Sic
722 3803 825 3868 etsie
856 3803 938 3867 mihi
971 3804 1097 3869 dietum
1130 3804 1201 3870 est.1
1256 3806 1293 3872 Si

246 3913 263 3939 “
285 3928 384 3991 super
405 3905 458 3969 his
474 3905 543 3970 ulla
565 3905 628 3970 tibi
652 3905 819 3971 dubitatio
842 3907 970 3983 residet,
987 3907 1202 3992 proculdubio
1218 3932 1292 3995 pro-

245 4007 401 4092 “positis
431 4006 645 4072 saerosanctis
676 4007 857 4093 evangeliis
879 4007 1107 4092 juramentum
1137 4015 1293 4094 praestare

247 4114 420 4194 “paratus
452 4131 532 4173 sum.
580 4108 617 4173 Si
649 4131 725 4194 ergo
748 4109 842 4174 vobis
874 4117 925 4174 est
947 4132 1025 4176 eura
1056 4111 1181 4188 salutis,
1205 4114 1293 4198 quod

247 4220 263 4246 “
286 4212 395 4279 visum
426 4218 477 4275 est
506 4210 637 4276 effectui
667 4211 898 4298 mancipetur.'’
956 4213 1065 4299 igitur
1095 4214 1219 4279 indicto
1250 4215 1293 4279 si-

246 4312 350 4377 lentio
383 4311 467 4376 visio
501 4318 662 4376 narratur.
723 4313 953 4397 Adquieseunt
984 4335 1120 4392 omnes3
1159 4314 1200 4378 de
1234 4338 1294 4381 sua

248 4415 353 4479 salute
370 4419 403 4479 et
419 4413 489 4498 ejus
508 4435 606 4498 quem
629 4412 842 4498 praediximus
866 4414 973 4478 Deum
996 4436 1104 4500 genua
1126 4416 1295 4481 flectentes

248 4518 470 4605 interpellant.
510 4517 646 4581 Postera
668 4518 730 4592 die,
750 4518 852 4602 juxta
875 4519 1013 4582 verbum
1036 4519 1150 4596 saneti,
1175 4520 1295 4585 Palaes-

248 4622 354 4688 tinam
377 4622 413 4686 in
437 4642 557 4707 magna
579 4620 798 4685 exsultatione
821 4621 978 4685 viderimt
1000 4627 1034 4687 et
1056 4621 1213 4708 legerunt.

314 4805 702 4814 ——...———--—-
712 4805 969 4812 -—-——-.
977 4807 996 4813 ..
1005 4807 1030 4813 .-.

467 4914 473 4945 ¹
492 4914 555 4964 This
567 4923 683 4964 sentence
695 4913 716 4963 is
727 4916 844 4978 repeated
856 4914 882 4963 in
894 4916 952 4965 MS.
964 4915 1081 4965 Winton.
