3316 6240
364 774 430 843 378
698 786 877 836 ursaonae
900 789 928 835 s.
951 789 1089 849 ruoun,
1290 775 1369 857 [me.
1385 791 1418 838 v.

362 971 472 1035 denuo
493 968 665 1045 clamabat
698 975 716 1002 “
739 967 917 1044 Descende,
949 967 1092 1033 Domine
1104 993 1112 1049 ;
1146 970 1336 1035 sinestram
1365 991 1418 1036 eo-

364 1071 643 1137 “habitationem
680 1075 739 1135 tuo
782 1070 930 1155 dignaris
964 1090 1102 1147 accessu,
1141 1071 1317 1156 pulchrum
1355 1071 1418 1137 tibi

364 1172 648 1239 “reclinatorium
681 1171 935 1236 substernetur.”
982 1171 1065 1237 Haee
1097 1173 1183 1239 eirea
1215 1173 1281 1237 diei
1303 1173 1418 1239 horam

362 1275 497 1342 tertiam
530 1274 718 1360 replicabat.
766 1274 890 1339 Eodem
924 1274 1006 1339 hora
1040 1276 1148 1339 oravit
1181 1275 1300 1352 virum,
1331 1275 1419 1339 vires

362 1398 537 1454 resumens,
553 1380 593 1439 ut
608 1379 724 1440 votum
739 1396 799 1461 pro
815 1397 849 1443 se
864 1375 994 1452 faceret
1009 1381 1044 1440 et
1058 1376 1102 1440 ad
1116 1375 1267 1440 tumbam
1283 1376 1418 1442 Thomae

363 1479 519 1565 martyris
549 1477 726 1542 luminaria
757 1477 945 1542 destinaret.
1001 1476 1067 1557 Qui
1094 1477 1150 1554 ait,
1177 1485 1193 1514 “
1205 1478 1284 1542 Non
1311 1478 1417 1542 solum

363 1589 381 1616 “
403 1580 492 1666 quod
513 1579 599 1665 petis
622 1577 795 1653 obtinebis,
819 1577 878 1642 sed
901 1582 936 1642 et
958 1583 993 1643 te
1016 1579 1121 1663 ipsam
1152 1599 1259 1644 eomes
1289 1579 1418 1643 itineris

363 1682 518 1746 “sistam
545 1680 615 1746 loeo
647 1699 746 1744 saerae
769 1678 956 1765 passionis.'’
1002 1678 1216 1764 Praefixitque
1239 1681 1418 1745 terminum

362 1781 641 1871 peregrinationis.
689 1780 799 1867 Igitur
833 1781 980 1866 obligata
1013 1787 1091 1846 voto
1126 1783 1230 1847 sensit
1262 1783 1419 1869 suffragia

362 1886 442 1951 voti
488 1883 578 1948 Nam
600 1888 717 1947 venter
740 1887 775 1946 et
804 1888 915 1967 partes
945 1903 966 1947 a
995 1887 1132 1968 gutture
1160 1884 1418 1970 deorsumque

363 1985 555 2074 originalem
586 1984 812 2069 aequalitatem
835 2005 894 2069 por
927 1983 1067 2048 tumoris
1099 1985 1330 2051 enormitatem
1360 2009 1418 2051 ex-

363 2091 533 2164 oesserant,
556 2086 643 2151 infra
665 2086 747 2150 fines
771 2106 846 2151 suos
869 2084 1095 2151 subsederunt.

407 2190 594 2256 Profluente
627 2193 740 2253 autem
774 2194 931 2273 ternpore,
964 2189 1139 2253 subierunt
1181 2189 1419 2276 impedimenta

362 2314 437 2379 quse
468 2291 640 2357 saeculares
672 2289 853 2375 implicant,
877 2311 919 2354 ne
950 2295 1066 2354 votum
1089 2296 1125 2354 et
1149 2291 1337 2357 oondietum
1360 2314 1417 2356 ex-

363 2398 584 2480 sequerentur.
642 2391 732 2457 Nam
766 2393 819 2456 vir
856 2412 916 2457 sua
952 2413 1069 2478 gerens
1106 2393 1246 2478 negotia
1283 2394 1419 2480 ipsaque

363 2497 472 2561 minus
495 2496 547 2560 sui
571 2493 719 2570 sollicita,
743 2493 823 2578 quia
845 2514 933 2570 sana,
949 2493 1123 2579 praefixum
1144 2499 1275 2581 tempus
1291 2496 1419 2561 itineris

362 2599 474 2664 animo
496 2618 563 2662 non
585 2594 778 2676 affixerant3
808 2596 896 2660 unde
920 2595 1044 2660 factum
1075 2601 1126 2660 est
1157 2602 1197 2661 ut
1229 2597 1347 2662 mulier
1369 2620 1419 2663 re·

363 2700 507 2767 eidivam
545 2698 734 2763 incurreret.
792 2696 888 2777 Quod
920 2717 995 2761 eum
1028 2696 1129 2774 fieret,
1164 2698 1214 2763 ait
1244 2699 1317 2763 viro
1350 2722 1417 2778 suo,

364 2811 382 2837 “
404 2801 524 2865 Merito
546 2799 618 2865 haee
647 2798 763 2884 patior,
787 2799 867 2883 quia
898 2804 1015 2864 votum
1046 2800 1198 2885 praeterii,
1222 2800 1321 2867 fidem
1344 2824 1418 2888 pro-

364 2902 577 2967 “missorum
609 2898 786 2965 temeraria
816 2898 941 2975 resoidi,
975 2919 1075 2983 quam
1110 2902 1220 2986 superi
1250 2908 1416 2988 repetunt,

364 3014 381 3041 ‘⁴
402 3025 543 3091 poenam,
591 3002 677 3067 sieut
733 3001 835 3077 vides,
878 3000 1172 3087 transgressoribus
1226 3004 1416 3092 irrogantes.

364 3116 380 3142 “
404 3106 504 3172 Nune
526 3103 637 3190 igitur,
660 3103 689 3167 si
721 3123 800 3168 eura
825 3107 877 3166 est
910 3102 980 3168 ulla
1005 3103 1124 3168 salutis
1146 3125 1236 3183 mese,
1260 3108 1314 3172 vel
1346 3130 1417 3174 sero

364 3216 381 3243 ‘⁴
403 3203 668 3294 praecingemur?
738 3202 930 3287 Adquievit,
978 3202 1141 3289 disposuit
1189 3206 1302 3272 domui
1339 3230 1415 3274 suae.

364 3308 632 3394 Peregrinatione
663 3309 822 3390 suscepta
859 3304 1017 3370 continuo
1046 3306 1166 3370 mulier
1188 3309 1277 3392 quod
1308 3309 1416 3376 firerat

362 3409 548 3495 assumpsit,
582 3413 622 3472 ut
662 3407 698 3470 in
732 3427 824 3472 mora
855 3426 986 3471 eausam
1028 3405 1175 3473 adversae
1212 3409 1415 3476 valetudinis

362 3511 464 3576 fuisse
485 3509 569 3574 nulli
594 3509 733 3574 dubium
755 3507 1002 3593 relinqueretur.

487 3746 545 3833 (7.)
568 3746 617 3812 De
638 3742 809 3811 militibus
827 3742 1106 3830 periclitantibus
1127 3743 1170 3810 ia
1191 3747 1293 3813 omri.

194 3915 349 3978 Mnaseas
406 3911 521 3976 Manet
551 3906 646 3994 quasi
676 3910 794 3992 quarto
828 3903 982 3969 milliario
1018 3905 1061 3969 ab
1092 3905 1172 3971 urbo
1210 3907 1415 3976 Dorobernia

193 3982 335 4114 ffiheig‘ff
362 4013 456 4078 miles
471 4010 656 4076 Mauritius.
705 4007 770 4088 Qui
793 4005 983 4071 Hiberniam
1006 4007 1227 4092 expeditionis
1248 4011 1415 4076 molestias

193 4115 325 4166 tomheae
361 4113 539 4201 aliquando
562 4111 690 4197 fugiens
713 4129 788 4174 oum
813 4107 1011 4192 quibusdam
1026 4108 1100 4173 aliis
1124 4110 1414 4177 contubernalibus

192 4182 338 4315 {ragenar-
361 4239 482 4284 navem
503 4211 673 4290 aseendit,1
695 4210 850 4278 commoti
885 4211 985 4275 maris
1018 4211 1125 4277 minas
1155 4218 1190 4278 et
1212 4214 1277 4279 iras
1298 4222 1414 4281 vento-

193 4315 332 4432 ffizh‘he
362 4342 436 4384 rum
459 4315 708 4404 parvipendens,
741 4314 820 4378 dum
843 4313 940 4377 modo
964 4313 1112 4379 barbarae
1143 4315 1285 4402 regionis
1308 4323 1415 4404 pestes

194 4396 307 4512 errlyin
363 4422 524 4498 evaderet
548 4442 590 4485 ex
613 4415 751 4481 insuetis
774 4415 856 4481 cibis
879 4419 914 4479 et
936 4435 1010 4479 aere
1033 4417 1272 4500 provenientes.
