3316 6240
364 770 406 842 76
746 790 830 839 vna
853 792 878 840 s.
901 791 1039 852 11101111,

361 973 495 1039 dicavit.
540 974 640 1039 Unde
662 997 721 1040 rex
737 976 937 1042 Francorum
960 996 1152 1041 succensens
1174 996 1250 1040 eum
1273 995 1295 1039 a
1316 995 1417 1061 regno

361 1096 421 1138 suo
458 1077 651 1161 proturbare
690 1078 867 1163 proposuit,
903 1078 1013 1143 dicens
1051 1078 1159 1163 ipsum
1197 1097 1264 1141 nen
1303 1097 1417 1161 pacem

361 1198 505 1261 qurerere
528 1178 586 1242 sed
608 1179 810 1244 seditionem.
858 1180 918 1244 Ille
935 1202 1012 1244 vero
1033 1184 1166 1245 econtra
1186 1179 1316 1243 dicebat
1339 1179 1418 1263 quia

360 1276 474 1343 futura
497 1279 641 1363 pericula
664 1281 866 1364 providebat,
887 1303 969 1365 quae,
993 1280 1020 1344 si
1044 1280 1200 1345 subtilius
1222 1280 1415 1357 intueretur,

360 1384 395 1444 et
418 1380 486 1465 ipse
509 1381 690 1466 pnevidere
717 1389 832 1466 posset.
900 1383 1017 1467 Itaque
1041 1381 1209 1446 discedens
1232 1382 1274 1446 ab
1296 1403 1335 1446 eo
1357 1404 1415 1446 rex

360 1482 496 1545 turbato
525 1482 642 1559 anime,
667 1484 724 1567 qui
754 1489 888 1568 propter
910 1483 971 1548 1100
997 1484 1106 1567 ipsum
1138 1482 1350 1547 descenderat
1379 1483 1415 1545 in

360 1581 431 1665 ejus
461 1581 649 1667 hospitium,
673 1590 767 1649 nocte
798 1590 954 1667 sequente
984 1582 1155 1669 negotium
1190 1582 1273 1645 illud
1305 1603 1415 1647 secum

359 1688 500 1748 tractare
534 1684 642 1769 coepit,
675 1692 709 1749 et
746 1685 964 1770 periculosum
1002 1685 1140 1749 invenit.
1207 1685 1304 1749 Mane
1337 1706 1415 1750 vcro

359 1784 503 1862 mittens,
536 1793 570 1851 et
607 1808 743 1851 monens
779 1787 1058 1872 archiepiscopum
1096 1787 1276 1872 prudenter
1310 1808 1413 1873 agere,

359 1891 559 1970 protestatus
581 1894 632 1952 est
655 1888 741 1971 quia,
761 1889 789 1951 si
813 1888 949 1955 consilio
972 1910 1031 1951 suo
1055 1887 1208 1962 stetisset,
1232 1887 1414 1971 periculum

359 1988 474 2051 mortis
505 1989 701 2053 incurrisset.
749 1990 834 2054 Cum
857 1996 968 2054 autem
992 1989 1144 2052 dominus
1168 2009 1254 2073 papa
1276 1989 1316 2053 de
1339 2010 1413 2053 con-

358 2089 501 2154 cessione
524 2090 609 2175 regis
631 2091 823 2177 Anglorurn,
843 2097 915 2154 turn
939 2091 1095 2156 mandato
1118 2091 1222 2176 ipsius
1246 2096 1318 2155 tum
1334 2092 1415 2158 viva

357 2211 437 2254 voce
460 2212 600 2265 suerum,
617 2212 698 2274 quos
721 2191 756 2254 in
772 2191 944 2256 Franciam
967 2191 1109 2265 miserat,
1125 2190 1309 2275 accepisset,
1332 2213 1412 2277 gau-

357 2291 412 2356 dio
434 2293 569 2378 gavisus
592 2299 649 2357 est.
706 2294 793 2357 Nam
817 2292 1009 2357 sollicitavit
1032 2314 1107 2356 eum
1131 2315 1189 2357 rex
1212 2293 1411 2359 Francorum

356 2391 393 2454 in
408 2393 533 2458 virtute
552 2394 678 2469 amoris,
695 2400 729 2457 et
744 2394 805 2458 sub
821 2393 960 2477 impensi
984 2393 1218 2477 protestatione
1242 2394 1413 2473 beneficii,¹

356 2514 398 2558 ne
421 2495 596 2560 dilationes
627 2496 765 2559 ulterius
788 2495 1011 2559 frustratorias
1046 2496 1276 2582 111010110101;2
1299 2498 1354 2563 sed
1378 2505 1413 2565 et

356 2596 542 2662 Willelmus
574 2598 812 2662 Senonensium
843 2598 1049 2662 venerandus
1080 2598 1226 2676 antistes,
1254 2600 1312 2683 qui
1342 2601 1411 2665 An-

355 2697 493 2783 glicanae
517 2698 659 2764 ecclesiia
690 2699 864 2762 miseratus
894 2699 1003 2763 sedern
1034 2699 1246 2782 apostolicam
1276 2701 1411 2779 adierat,

356 2821 498 2885 praesens
528 2806 563 2865 et
589 2805 704 2885 petens
734 2800 882 2864 instabat
913 2806 951 2863 ut
981 2821 1039 2863 rex
1061 2800 1244 2885 Anglorum
1275 2802 1411 2867 anathe-

356 2901 446 2978 mati,
470 2923 608 2988 regnum
638 2902 813 2967 interdicto
840 2901 1062 2985 subjiceretur,
1087 2902 1150 2965 nisi
1176 2901 1411 2970 (lantuariensi

356 3023 421 3088 pax
445 3004 587 3069 ecclesiae
610 3004 808 3069 redderetur.

358 3266 437 3351 (69.)
462 3264 581 3330 Mieeio
596 3265 867 3349 Rotlaenrepcneis
889 3273 918 3330 ct
936 3264 1158 3331 Nircrncneis
1179 3266 1410 3354 cpiscoporum

450 3388 517 3452 pro
539 3366 810 3432 reconciliatione
831 3366 919 3452 repis
941 3375 970 3433 et
992 3367 1233 3454 archicpiscopi
1254 3368 1318 3435 eret.

186 3528 242 3579 The
253 3543 319 3592 pope
400 3520 499 3585 Unde
515 3520 811 3606 Rethomsgenscm
827 3521 1106 3606 archiepiscopum
1120 3528 1154 3586 et
1171 3523 1408 3590 Nivernenscm
1500 3580 1503 3589 .

185 3596 312 3711 ffflpffi
355 3622 542 3707 episcopum
566 3645 625 3707 pro
647 3623 854 3688 exsecutione
878 3624 967 3707 pacis
996 3623 1097 3707 hujus
1120 3623 1218 3688 rlrrxit
1240 3627 1409 3692 transmit-

186 3726 320 3790 hiunopof
355 3724 478 3799 tendes,
499 3725 658 3788 mandans
681 3731 715 3788 et
738 3724 930 3809 praecipiens
953 3724 999 3788 eis
1022 3725 1058 3787 in
1073 3725 1198 3789 virtute
1214 3727 1408 3793 obedientie

186 3792 336 3922 ἔξῗξζζέἒ
354 3831 517 3907 quatenus
540 3826 575 3889 in
590 3848 694 3889 unum
710 3826 940 3890 convenientes
963 3833 1037 3909 post
1055 3827 1293 3910 susceptionem
1316 3850 1408 3893 man-

185 3924 320 4001 osNevers
355 3925 425 3988 dati
441 3926 527 3989 infra
542 3949 684 3990 mensem
708 3948 817 4010 regem
833 3926 970 4002 adirent,
983 3926 1175 4011 diligentius
1187 3932 1221 3991 et
1236 3927 1408 3995 sollicitius

184 4005 343 4107 ,1110ξὲ1121ῃῇ
354 4032 523 4090 monerent
547 4029 634 4110 quod
657 4027 897 4111 archiepiscopo
926 4049 1038 4111 pacem
1069 4034 1103 4091 ct
1125 4030 1334 4094 securitatem
1365 4033 1407 4096 ob

184 4135 304 4197 Enna,
354 4127 478 4191 divinae
501 4128 683 4212 majestatis
712 4129 930 4193 reverentiam
954 4135 988 4193 et
1010 4130 1165 4194 bonorem
1197 4133 1285 4196 beati
1316 4132 1405 4197 Petri

184 4201 339 4331 fflfflffi’
353 4230 582 4314 propriamque
614 4231 752 4294 salutem
783 4232 979 4305 concederet,
1004 4233 1150 4297 (iaculum
1185 4234 1273 4318 pacis
1304 4235 1405 4311 daret,

184 4335 292 4448 ἐδίῗὲεθᾰ·
352 4339 387 4397 et
410 4333 624 4416 possessiones
655 4333 849 4398 restitueret.
897 4334 1406 4419 111011101111001111111(1001100011

358 4498 478 4505 --.-.-
497 4498 541 4503 ....-
549 4497 608 4503 .-
626 4496 681 4505 ÷-—
691 4497 752 4503 -..-.
1007 4497 1019 4502 ..
1031 4497 1140 4504 --..---

386 4585 392 4616 ¹
412 4584 531 4647 obsequii,
544 4586 572 4633 L.
901 4582 1078 4648 considerabis·
1091 4586 1156 4634 from
1169 4587 1212 4637 thc
1223 4591 1279 4636 text
1291 4587 1322 4637 of
1337 4588 1402 4639 Wil-

384 4664 463 4713 2Τ1111
487 4663 656 4728 Quadrilogus
684 4665 744 4713 here
768 4662 850 4713 varies
900 4663 969 4712 liam.
