3316 6240
391 821 457 892 :372
595 816 598 821 ’
723 839 903 890 sarnacum
925 840 949 889 s
973 839 1110 899 monn,
1314 821 1393 907 [ms.
1410 836 1443 886 v.

392 1012 523 1098 elapsa;
545 1016 757 1097 supportator
783 1012 929 1077 medium
964 1009 1134 1095 receptus)
1168 1014 1382 1095 supportatus
1409 1009 1445 1072 in

393 1120 481 1180 terra
504 1114 666 1178 dimissus.
715 1112 878 1193 Quicum
902 1136 936 1178 se
971 1113 1034 1178 sibi
1068 1111 1260 1177 derelictum
1283 1112 1445 1186 sensisset,

394 1216 533 1282 clamore
548 1237 607 1303 pro
630 1237 664 1280 se
680 1212 796 1301 eujus2
818 1213 1005 1299 requirebat
1021 1234 1085 1300 quo
1108 1235 1142 1277 se
1158 1213 1372 1298 proripuisset
1387 1213 1445 1297 qui

394 1318 502 1403 ipsum
525 1318 730 1383 sustinussct.
777 1316 1016 1401 Emicatirnque
1039 1316 1218 1401 prosiliens,
1234 1315 1292 1380 illa
1313 1337 1347 1380 se
1362 1315 1445 1381 cele·
1479 1374 1483 1387 ,

394 1420 493 1485 ritate
516 1420 552 1483 in
576 1420 754 1485 oratorium
770 1419 858 1484 beati
876 1418 1030 1503 Eparchii
1054 1417 1226 1504 proripuit,
1250 1438 1316 1502 qua
1338 1416 1445 1482 solent

395 1522 543 1587 damnati
566 1521 673 1588 locum
697 1522 918 1586 damnationis
941 1521 1105 1607 aufugere.

441 1623 548 1709 Igitur
571 1628 733 1688 commoto
755 1623 836 1699 vico,
852 1622 1017 1686 maximus
1040 1627 1075 1687 et
1099 1621 1256 1686 minimus
1272 1622 1314 1686 ad
1330 1620 1445 1687 laudes

395 1729 626 1804 cucurrerunt;
648 1724 775 1811 ipsique
803 1723 939 1809 judiees,
964 1723 1158 1790 deosculatis
1193 1723 1346 1788 membris
1370 1743 1445 1809 quae

395 1823 640 1900 damnaverant,
673 1824 804 1890 veniam
836 1824 1011 1908 petierunt.
1074 1823 1293 1889 Effluentibus
1325 1821 1444 1888 deindo

393 1926 488 2011 quasi
511 1932 653 2010 quatuor
676 1925 850 2001 mensibus,
867 1923 921 1989 fur
935 1931 1067 2011 arrepto
1090 1924 1364 2011 peregrinationis
1386 1923 1442 1988 iti·

393 2050 471 2094 nere
509 2029 539 2093 ei
576 2050 611 2093 se
649 2028 706 2114 qui
738 2027 801 2092 sibi
836 2026 919 2091 furis
950 2028 1091 2093 abstulit
1122 2028 1333 2113 opprobrium
1368 2047 1442 2092 cum

393 2135 488 2216 parte
510 2130 652 2215 quadam
675 2129 829 2196 trochleae
852 2151 920 2194 suae
942 2130 1105 2216 gratiosus
1120 2129 1279 2195 exhibuit.
1311 2129 1442 2193 Partem

226 2240 373 2294 morbhac
393 2253 472 2297 vero
495 2231 753 2318 Engolismensis
776 2231 879 2296 abbas
911 2232 1068 2311 retinuit3
1098 2253 1174 2296 narn
1209 2255 1251 2297 ex
1274 2253 1313 2297 ea
1335 2231 1443 2295 virtus

226 2308 380 2439 {ms
392 2334 514 2412 exibat,
549 2340 584 2399 et
615 2333 750 2400 curabat
783 2333 911 2398 multos.
967 2333 1109 2399 Vincula
1139 2338 1250 2399 autem
1284 2354 1442 2398 manuum

225 2440 375 2504 parrofthe
393 2435 536 2500 multum
570 2435 711 2519 quaesita
734 2439 820 2511 sunt,
855 2434 913 2499 sed
944 2455 1048 2518 usque
1082 2434 1180 2499 hodie
1213 2440 1343 2519 reperta
1375 2455 1443 2498 non

224 2508 380 2623 {mm
394 2543 481 2602 sunt.
528 2534 610 2615 Quae
632 2535 733 2601 latius
756 2556 799 2600 ex
822 2556 877 2600 ore
910 2534 993 2599 furis
1016 2535 1227 2621 explicamus,
1252 2535 1442 2600 testimonio

224 2655 306 2691 curer·
392 2637 578 2702 litterarum
602 2634 831 2723 compendioso
855 2636 1046 2702 confirmare
1069 2636 1281 2702 decrevimus.

659 2826 718 2911 (2.)
742 2824 965 2911 Confirmatio
984 2825 1157 2891 miraculi.

224 2976 364 3054 oonnrma
437 2969 454 2994 “
476 2960 667 3025 Johannnes
690 2960 753 3024 Dei
775 2961 883 3047 gratia
908 2960 1111 3027 Pictavcnsis
1138 2959 1280 3026 ecclesiae
1306 2959 1441 3024 humilis

221 3043 370 3175 ξιζζγοὶξὴθ
392 3070 408 3096 “
430 3064 586 3138 sacerdos,
620 3061 808 3147 apostolicae
838 3062 924 3127 sedis
967 3063 1103 3149 legatus,
1133 3062 1238 3127 arnico
1275 3062 1440 3127 carissimo

221 3176 303 3254 apen,
391 3172 407 3198 “
432 3163 548 3237 Odoni.
566 3161 768 3228 venerabili³
790 3164 891 3249 priori
916 3162 1165 3229 Cantuariensis
1187 3163 1336 3241 ecclesias,
1352 3164 1439 3229 salu·

222 3242 355 3359 iiiiii
391 3275 408 3300 “
431 3273 498 3331 tcrn
514 3271 548 3331 et
563 3266 697 3331 sincerae
712 3266 859 3331 raritatis
873 3265 1051 3332 affectum.⁴
1082 3265 1242 3346 Quotiens
1251 3265 1439 3343 Dominum,

393 3375 409 3402 “
431 3367 467 3431 in
482 3367 604 3433 sanctis
620 3366 688 3431 suis
699 3366 891 3445 mirabilem,
902 3389 961 3452 pro
977 3375 1191 3452 martyresuo
1207 3368 1304 3433 beato
1315 3366 1441 3433 Thema

392 3475 409 3502 “
432 3468 623 3534 miraculose
645 3467 772 3552 aliquid
796 3468 924 3554 operari
939 3468 1101 3545 audimus,
1118 3467 1196 3533 laeta
1218 3490 1297 3533 aure
1319 3468 1440 3553 exeipi-

391 3579 409 3606 “
430 3592 512 3648 mus,
545 3576 579 3635 et
601 3569 694 3655 cujus
716 3569 847 3636 laudem
870 3571 1032 3637 Dominus
1055 3570 1187 3636 extollit
1218 3571 1280 3635 sub
1310 3570 1442 3635 silentio

391 3673 597 3759 “praeterire
631 3672 813 3756 nequimus.
862 3672 1032 3758 Siquidem
1067 3673 1187 3737 latores
1219 3673 1439 3758 praesentium,

391 3773 619 3859 “parochiani
644 3773 920 3859 Pctragoricensis
942 3774 1107 3860 episcopii,
1132 3774 1218 3840 sicut
1251 3774 1440 3839 testimonio

390 3885 407 3910 ‘¹
430 3876 635 3961 quonmdam
659 3875 818 3940 abbatum
842 3873 1046 3960 aliorumque
1070 3874 1293 3962 religiosorum
1326 3876 1441 3941 didici-

390 3987 406 4013 “
429 4000 510 4056 mus,
534 3978 660 4044 nobiles
692 3978 766 4053 viri,
790 3978 884 4063 quasi
908 4000 967 4065 per
989 3978 1114 4043 leucam
1139 3999 1239 4042 unam
1271 3977 1442 4044 distenta

391 4090 407 4115 ‘¹
429 4081 499 4147 loco
522 4080 580 4145 illo
602 4081 637 4144 in
653 4101 718 4164 quo
731 4080 865 4164 quidam
889 4081 969 4145 furti
993 4086 1074 4147 nota
1089 4079 1307 4167 deprehensus
1337 4081 1441 4146 crucis

390 4190 407 4216 “
429 4203 606 4267 suspensus
622 4185 672 4246 est
687 4180 845 4265 patibulo.
878 4181 945 4262 Qui
968 4203 1071 4267 quum
1089 4181 1278 4246 memoriam
1298 4181 1442 4247 nominis

390 4291 407 4318 “
428 4284 518 4348 beati
541 4281 697 4367 martyris
719 4281 854 4348 Thomas
872 4283 999 4371 jugiter
1021 4282 1172 4359 balabat,
1195 4283 1267 4368 ejus
1289 4283 1383 4368 quasi
1407 4283 1441 4347 in

390 4390 578 4450 “extrema
615 4383 809 4450 necessitate
844 4383 932 4449 idern
965 4389 1097 4450 sanctus
1129 4389 1257 4469 martyr
1290 4405 1358 4451 non
1391 4390 1442 4450 est

424 4561 577 4611 ¹mcrruar
972 4563 1119 4629 *ficerunt
1131 4564 1261 4616 corrected
1268 4563 1303 4629 by
1312 4561 1441 4616 interline-

422 4640 616 4705 ²proascuru?
938 4642 1117 4697 ationinMS.

423 4718 433 4750 ³
450 4718 622 4784 mmabili,
633 4719 691 4772 MS.
