3316 6240
374 805 439 867 408
707 816 885 865 ericaeum
909 819 933 863 s.
958 816 1096 874 ruouar,
1277 800 1355 882 [nra.
1373 816 1420 864 vr

374 1016 391 1040 “
413 1007 534 1069 bantur
557 1012 591 1069 ct
613 1005 775 1089 quomodo
797 1003 893 1088 gleba
924 1004 1065 1087 corporis
1096 1003 1168 1087 ojus
1190 1003 1233 1066 ad
1256 1004 1422 1088 propriam

375 1106 594 1171 “deferretur
638 1105 813 1170 ecclesiam.
892 1104 1007 1170 Crucis
1045 1103 1252 1168 salutiferum
1290 1105 1423 1190 signum

374 1216 389 1242 “
413 1214 490 1273 ante
521 1208 630 1273 oculos
659 1207 809 1283 hominis,
834 1212 873 1270 ut
904 1206 1092 1290 putabatur,
1116 1205 1331 1290 proculdubio
1354 1228 1423 1270 mo-

374 1318 390 1344 “
414 1308 536 1384 ricntis,
559 1314 703 1373 erectum
735 1307 850 1372 fuerat.
909 1306 1083 1370 Familiam
1106 1328 1147 1371 ex
1179 1328 1300 1393 magna
1329 1314 1424 1391 parte

374 1420 390 1444 “
414 1408 604 1485 catarrhus,¹
643 1408 700 1491 qui
741 1430 878 1493 regnum
920 1413 1117 1492 pervagatus
1150 1414 1200 1471 est
1233 1413 1268 1472 et
1301 1407 1424 1472 multos

375 1520 391 1546 “
413 1511 598 1595 assumpsit,
615 1509 842 1574 vehementius
865 1509 1078 1594 opprimebat.
1126 1510 1250 1573 Luctus
1271 1515 1306 1574 ct
1319 1510 1423 1596 gemi-

375 1622 391 1646 “
415 1617 469 1676 tus
499 1617 534 1676 et
567 1612 719 1676 immensi
751 1610 871 1676 doloris
902 1610 1063 1676 acerbitas
1095 1632 1196 1696 supra
1226 1632 1325 1695 quam
1357 1610 1423 1676 dici

375 1722 391 1747 “
414 1713 517 1799 possit
540 1712 683 1798 angebat
705 1713 883 1777 universos.

420 1823 436 1849 “
460 1815 552 1879 Inter
574 1815 656 1879 alios
685 1813 872 1878 adolescens
903 1812 1046 1898 quidam,
1070 1811 1255 1884 Willelmus
1281 1811 1422 1889 nomine,

414 1916 662 2001 cognominatus
685 1915 725 1980 de
748 1915 870 1980 Terrici
893 1915 982 1991 villa,
1002 1936 1103 2000 nepos
1118 1915 1243 1980 scilicet
1265 1936 1307 1979 ex
1322 1914 1423 1979 fratre

376 2028 393 2054 ‘⁴
415 2019 509 2083 bonae
531 2019 696 2082 memoriae
723 2017 903 2082 Theobaldi
934 2017 1176 2102 archiepiscopi,
1201 2016 1348 2101 simplex,
1372 2018 1424 2080 in-

416 2120 562 2185 nocentis
586 2125 627 2195 et,
651 2124 690 2183 ut
719 2119 871 2194 creditur,
894 2120 1028 2184 omnino
1052 2119 1233 2204 impollutae
1260 2118 1366 2183 carnis
1389 2125 1425 2183 et

414 2220 639 2285 mundissima
661 2220 749 2296 vitae,
773 2222 918 2306 graviter
944 2221 1133 2307 aegrotabat.
1181 2220 1226 2284 Et
1248 2220 1327 2305 quia
1348 2241 1423 2284 curn

416 2322 539 2386 talibus
561 2321 644 2385 solet
666 2342 733 2385 esse
757 2321 984 2385 sermocinatio
1006 2321 1070 2385 Dei
1094 2325 1127 2385 et
1151 2319 1295 2405 Spiritus
1322 2319 1422 2384 Sanc-

289 2427 296 2442 ‘
375 2433 393 2459 ⁴‘
415 2428 471 2488 tus
508 2423 668 2487 familiare
707 2443 854 2487 exercere
888 2421 1095 2506 colloquium,
1119 2421 1149 2486 ei
1172 2421 1423 2507 gloriosissimus

376 2523 543 2589 “Christi
578 2527 705 2606 martyr
738 2527 871 2587 sanctus
905 2522 1056 2600 Thomas,
1090 2527 1132 2602 et,
1167 2527 1205 2586 ut
1243 2521 1422 2600 existimat,

377 2631 394 2659 “
416 2644 482 2687 non
515 2622 700 2698 dormienti,
738 2622 901 2707 apparuit,
934 2621 991 2686 sed
1023 2621 1177 2707 vigilanti
1212 2627 1247 2686 et
1277 2621 1424 2685 intuenti

376 2734 393 2761 “
416 2747 491 2790 enm
525 2726 560 2788 in
592 2745 631 2788 ea
664 2723 746 2789 facie
777 2731 811 2788 ct
840 2724 958 2788 habitu
993 2724 1029 2787 in
1052 2745 1117 2807 quo
1140 2745 1214 2789 eum
1246 2724 1423 2788 novissime

377 2826 394 2861 “
416 2825 525 2891 fuerat
547 2825 797 2911 contemplatus.
845 2824 899 2889 Sic
922 2824 1035 2909 itaque
1050 2825 1288 2889 adolescentem
1304 2824 1424 2888 blande

376 2934 394 2963 “
417 2932 451 2991 et
473 2927 591 2991 leviter
613 2926 774 2991 allocutus
797 2931 863 2989 cst:
899 2923 1094 3001 ‘Willelma
1118 2925 1245 2990 familia
1274 2924 1345 2990 haec
1366 2947 1425 2990 cur

376 3038 393 3064 “
417 3037 473 3093 ‘sc
497 3049 555 3113 pro
579 3027 711 3091 domino
738 3048 797 3091 suo
828 3030 923 3090 tanto
947 3026 1056 3091 dolore
1086 3031 1220 3110 torquet
1251 3031 1286 3090 et
1319 3047 1424 3091 mace·

376 3138 394 3164 “
418 3133 518 3193 ‘rati
556 3149 623 3192 non
655 3127 742 3192 enim
777 3149 819 3192 ex
849 3126 910 3191 hac
941 3127 1135 3191 infirmitate
1165 3126 1330 3204 morietur,
1364 3148 1425 3192 nec

377 3239 394 3265 “
417 3229 569 3313 ‘aliquid
600 3229 746 3314 patietur
778 3228 858 3294 mali
891 3228 956 3292 nisi
987 3229 1052 3294 cito
1079 3228 1232 3293 finiendae
1264 3229 1424 3314 passionis

377 3340 394 3366 “
417 3330 617 3417 ‘angustias
665 3329 709 3393 Et
738 3329 800 3395 hoc
829 3352 901 3395 meo
931 3330 1063 3395 nomine
1087 3330 1212 3395 cunctis
1236 3330 1306 3394 sine
1328 3330 1423 3394 haesi-

378 3439 394 3465 “
419 3430 568 3494 ‘tatione
591 3429 759 3495 denuntia.
806 3430 858 3494 Ne
874 3452 952 3495 vcro
975 3430 1015 3494 de
1036 3452 1108 3495 meo
1123 3435 1231 3494 tecum
1255 3430 1426 3494 dubitetur

378 3538 394 3565 “
418 3529 609 3614 ‘colloquio
629 3529 700 3614 jam
722 3551 811 3595 nunc
840 3532 950 3616 accipe
980 3529 1175 3595 sanitatem!
1221 3530 1266 3594 Et
1296 3530 1426 3595 elevata

379 3640 395 3666 ‘¹
417 3653 519 3696 manu
541 3632 672 3719 signum
695 3632 799 3698 crucis
829 3633 984 3699 formavit
1006 3655 1104 3718 super
1127 3654 1208 3697 eum.
1265 3632 1426 3717 Praecepit

379 3741 396 3766 “
418 3734 518 3798 etiam
541 3738 581 3797 ut
607 3734 820 3798 denuntiaret
852 3735 1005 3799 omnibus
1036 3735 1094 3819 qui
1125 3734 1161 3798 in
1193 3733 1306 3799 eadem
1330 3734 1425 3798 domo

378 3845 395 3870 “
418 3835 568 3902 catarrho
591 3836 787 3901 laborabant
810 3841 973 3921 quatenus
996 3859 1060 3901 ova
1090 3857 1164 3901 assa
1197 3841 1351 3912 secarent,
1386 3840 1426 3898 ut

379 3947 395 3971 “
416 3939 488 4002 fieri
512 3938 602 4013 solet,
625 3938 661 4001 in
685 3938 892 4021 quadrantes,
911 3944 945 4001 et
968 3937 1003 4001 in
1026 3938 1169 4024 singulis.
1186 3937 1425 4022 quadrantibus

378 4048 394 4074 “
417 4040 596 4103 scriberent
633 4059 754 4102 nomen
792 4038 881 4123 ejns3
919 4060 1000 4123 quos
1037 4040 1073 4103 in
1111 4041 1221 4105 cibum
1258 4044 1425 4102 sumentes

378 4148 395 4174 “
417 4140 547 4204 evasuri
570 4143 666 4204 crant
688 4140 929 4204 incommodum
953 4140 1099 4224 praefatae
1120 4139 1289 4226 passionis.

424 4248 441 4274 “
465 4240 509 4304 Et
530 4245 570 4304 ut
600 4228 753 4305 certioies
783 4240 886 4304 simus
909 4241 997 4325 quod
1027 4243 1130 4305 nostri
1157 4241 1281 4305 domini
1304 4261 1424 4305 conva-

380 4352 396 4376 “
419 4339 547 4406 lentia²
569 4341 632 4405 Dei
656 4341 886 4406 misericordiae
909 4347 944 4405 et
969 4342 1095 4406 meritis
1123 4342 1303 4406 beatissimi
1338 4364 1424 4406 mar-

413 4597 565 4655 ¹catarrae,
577 4595 633 4646 MS.
923 4595 978 4645 tion
1006 4597 1061 4645 into
1089 4595 1285 4644 convalescentia
1314 4595 1339 4645 in
1368 4596 1424 4647 MS.

415 4673 426 4704 ²
440 4673 565 4739 Wrongly
576 4676 670 4725 altered
690 4676 723 4738 by
736 4674 882 4725 interlinea-
924 4676 1046 4734 winton„
1074 4674 1114 4725 Cf.
1126 4687 1151 4739 p;
1164 4675 1249 4737 889,1.
1262 4680 1301 4725 22.
