3316 6240
358 745 424 808 362
695 758 876 807 unacum
899 758 923 806 s.
948 758 1087 817 rnorra,
1273 744 1351 827 [nra.
1369 761 1415 809 rv.

356 953 503 1012 meretur
540 953 574 1011 ct
611 947 868 1033 cogitationibus
910 948 1074 1011 obscoenis
1109 949 1297 1034 agitaretur
1336 951 1416 1035 quia

357 1051 482 1137 gratias
504 1050 684 1128 differebat,
708 1051 925 1136 praesentiens
957 1071 1090 1116 causam
1114 1052 1356 1137 cogitationum
1381 1060 1415 1120 ct

358 1153 471 1229 morbi,
506 1174 605 1217 mono
637 1152 828 1219 retinaculis
855 1152 1007 1217 omnibus
1039 1155 1221 1238 amputatis
1244 1178 1319 1221 cum
1343 1158 1415 1222 viro

357 1259 392 1319 et
423 1277 524 1341 puero
557 1256 620 1319 iter
653 1256 929 1340 peregrinationis
961 1256 1111 1340 arripuit.
1169 1256 1214 1321 Et
1240 1280 1314 1322 cum
1343 1259 1413 1343 jam
1491 1260 1495 1273 “

357 1358 473 1421 urbem
508 1356 764 1422 Cantuariorum
802 1378 822 1422 a
860 1362 986 1442 septem
1021 1356 1184 1421 milliariis
1223 1359 1413 1439 salutarent,

357 1458 477 1523 mirum
511 1458 547 1523 in
580 1460 715 1524 modum
752 1459 863 1545 erupit
898 1472 981 1543 puer
1014 1460 1050 1522 in
1085 1459 1206 1537 laudes,
1243 1467 1277 1525 et
1312 1464 1413 1548 coepit

357 1560 495 1645 psallere
536 1559 778 1645 Kp·rieleisoa;
837 1560 894 1644 qui
928 1558 1068 1623 verbum
1115 1560 1305 1645 hujusmodi
1346 1585 1413 1627 non

357 1663 515 1740 audierat,
533 1663 674 1727 necdum
697 1662 853 1747 loquendi
875 1668 1007 1747 tcmpus
1030 1662 1258 1747 compleverat.
1304 1665 1413 1730 Ascri-

357 1766 480 1829 bebant
510 1770 621 1829 autom
652 1766 836 1829 novitatem
866 1762 952 1829 hanc
981 1766 1129 1849 martyri,
1157 1766 1215 1849 qui
1245 1772 1412 1830 mortuum

357 1868 448 1952 prius
480 1867 516 1929 in
538 1866 644 1930 vitam
675 1867 799 1950 pariter
831 1871 865 1930 ct
897 1866 933 1929 in
960 1866 1063 1929 risum
1096 1867 1276 1943 suscitavit,
1309 1868 1412 1953 ipsius

357 1989 486 2053 quoque
516 1968 756 2052 peregrinantis
786 1988 875 2032 nunc
905 1966 1028 2051 linguae
1051 1966 1222 2033 vinculum
1244 1968 1352 2045 solvit,
1378 1975 1412 2034 ct

355 2071 517 2156 hymnum
540 2070 707 2155 imposuit.

556 2308 636 2391 (50.)
660 2305 708 2371 Dc
730 2310 863 2371 enormia
886 2305 929 2371 io
950 2325 1046 2369 more
1063 2304 1216 2391 proiecto.

190 2473 337 2525 AGerman
402 2462 600 2528 Teutonicus
633 2461 768 2547 quidam
802 2461 993 2546 peregrinus
1016 2462 1174 2546 martyris
1200 2459 1307 2546 hujus,
1331 2462 1412 2527 (lum

188 2540 306 2673 ξᾷιὶξὲᾞξ
357 2564 514 2629 orationis
536 2564 645 2649 gratia
674 2561 913 2646 lerosolymam
937 2563 1202 2647 proficisceretur,
1227 2562 1412 2628 infirmatus

189 2675 296 2724 nesano
357 2672 392 2731 et
406 2671 556 2731 mortuus
572 2670 623 2730 est
638 2665 673 2729 in
690 2665 929 2729 Mediterraneo
945 2665 1037 2729 mari.
1072 2665 1178 2745 Quem
1193 2670 1314 2741 naute,
1327 2667 1413 2731 sicut

188 2740 337 2867 thmffirg
358 2768 604 2835 consuetudinis
634 2773 692 2844 cst,
724 2767 888 2830 nudatum
910 2767 1060 2831 vestibus
1092 2767 1127 2831 in
1155 2768 1269 2844 undas,
1302 2774 1412 2833 stanit}

189 2820 250 2857 0V01'

187 2872 331 2939 isbmught
357 2870 465 2937 adhuc
479 2870 554 2947 sole,
571 2871 798 2955 projeceruut3
819 2869 915 2933 navis
938 2874 1050 2933 autem
1073 2869 1185 2934 ablata
1207 2869 1326 2934 itinere
1347 2891 1411 2954 quo

188 2938 501 3071 ffflkffiiffcoeperat
523 2973 726 3059 procedebat.
773 2970 896 3034 Mirum
927 2972 1088 3056 estquod
1112 2972 1214 3047 edam,
1238 2976 1273 3035 et
1295 2994 1411 3035 verum

356 3097 423 3141 non
445 3076 608 3142 excedam.
655 3073 761 3139 Nocte
787 3073 859 3158 jam
882 3073 1032 3137 maxima
1055 3096 1096 3137 cx
1119 3079 1212 3159 parte
1235 3080 1410 3149 transacta,

356 3179 507 3263 eccequi
538 3176 702 3262 projectus
733 3175 841 3239 suerat
871 3175 1037 3239 fcrebatru·
1066 3197 1164 3261 super
1194 3197 1304 3261 aquas,
1328 3184 1363 3241 ct
1391 3199 1412 3241 a

355 3279 459 3365 puppi
470 3300 590 3344 navem
607 3278 771 3363 ingressus
787 3280 844 3339 cst.
892 3275 1151 3361 Obstupesccnte
1166 3277 1263 3340 navis
1278 3278 1410 3355 rectore,

356 3382 413 3466 qui
444 3381 487 3445 ad
518 3378 664 3464 aplustre
696 3377 869 3454 residebat,
893 3377 1002 3441 ventis
1025 3383 1059 3441 et
1092 3378 1190 3441 astris
1220 3378 1409 3465 invigilans,

356 3490 390 3549 et
413 3486 581 3567 quarente
604 3502 648 3545 an
686 3478 851 3563 propitius
883 3484 970 3542 esset
993 3500 1038 3543 an
1060 3478 1104 3543 ab
1136 3480 1277 3545 adversa
1310 3488 1414 3567 parte,

355 3585 532 3672 respondit,
573 3583 675 3669 “Ego
709 3583 779 3667 ipse
814 3603 888 3645 sum
921 3603 1019 3665 quem
1051 3589 1220 3646 mortuum
1252 3584 1288 3647 in
1320 3606 1409 3649 ruarc

357 3698 373 3723 “
395 3687 550 3766 misistis3
583 3686 700 3751 beatus
724 3684 867 3747 Thomas
890 3684 970 3748 vitre
1002 3689 1037 3748 ct
1060 3685 1140 3748 navi
1166 3685 1315 3749 restituit
1337 3709 1390 3751 mc
1402 3711 1410 3766 ;

356 3802 373 3827 “
396 3797 430 3857 et
452 3812 512 3855 vos
534 3787 702 3855 restituite
729 3787 837 3852 locrun
860 3804 959 3871 quem
990 3788 1134 3852 conduxi
1160 3794 1195 3853 ct
1217 3790 1411 3874 panniculos

356 3903 373 3930 “
395 3914 483 3957 meos
498 3891 589 3969 mihi,
606 3892 685 3975 quia
700 3894 846 3955 coarctor
860 3890 963 3953 nimio
986 3890 1131 3976 frigorc.’'
1174 3892 1308 3977 ‚chlcti
1331 3901 1411 3958 sunt

357 3997 462 4081 igitur
484 4016 596 4059 omnes
627 3999 762 4077 stupore
785 3997 818 4056 ct
844 3992 961 4057 ecstasi
984 3992 1019 4055 in
1042 4015 1080 4057 eo
1103 3994 1191 4077 quod
1218 3995 1409 4079 contigerat.

356 4100 439 4163 Rem
470 4102 605 4184 gestam,
627 4095 670 4159 ab
698 4095 768 4179 ipso
792 4098 916 4159 rectore
946 4094 1042 4158 navis
1072 4100 1247 4181 acceptam,
1271 4098 1411 4182 pertulit

356 4201 400 4267 ad
421 4221 481 4265 nos
497 4198 633 4271 clericus
656 4196 847 4261 Cantuarirc
863 4201 981 4275 natus3
1009 4196 1096 4261 irlem
1119 4203 1154 4260 et
1176 4197 1290 4262 eodem
1313 4200 1410 4265 modo

356 4303 506 4369 narravit
523 4300 617 4366 nobis
633 4298 769 4385 quidam
785 4297 1055 4375 Biandacicnsis,¹
1072 4300 1216 4365 concivis
1231 4306 1266 4365 et
1280 4302 1411 4367 vicinus

356 4406 503 4491 ejusdem
527 4402 660 4469 rectoris
683 4400 786 4467 naris.

761 4640 768 4671 ¹
788 4638 1003 4687 Brunduaienaiat
