3316 6240
221 1274 354 1357 11111]
422 1283 783 1335 111101111111110
806 1282 1069 1330 1111111111.
1209 1269 1271 1330 231

222 1473 376 1538 miraris?
409 1474 489 1557 quid
519 1472 666 1537 ordinem
697 1478 824 1536 naturae
848 1471 967 1554 quaeris
997 1471 1032 1533 in
1062 1469 1177 1533 divina
1199 1490 1273 1554 opo-

221 1575 372 1640 rationel
394 1596 468 1640 cum
485 1580 603 1660 praeter
617 1578 770 1638 naturam
797 1573 842 1636 sit
859 1571 930 1655 ejus
946 1576 1097 1655 potestas,
1113 1576 1274 1635 coaeterna

221 1676 395 1753 voluntati,
419 1682 538 1761 praeter
558 1681 711 1741 naturam
734 1696 793 1760 par
815 1673 968 1737 voluntas
992 1675 1155 1757 potestati.
1195 1672 1272 1737 Cre-

220 1778 298 1843 dere
331 1778 506 1863 jubemur;
544 1779 703 1842 discutere
741 1776 851 1861 potius
883 1781 933 1838 est
971 1774 1138 1839 facilitatis
1173 1796 1271 1858 quarn

223 1878 395 1947 facultatis.
503 1932 506 1937 <

267 1980 357 2061 Puer,
388 1981 491 2067 igitur
524 1981 649 2057 trimus,
683 1979 809 2065 Symon
841 1978 929 2041 filius
960 1977 1042 2042 Adsc
1077 1978 1116 2041 de
1149 1977 1271 2042 Halde-
1286 1983 1427 2046 (uscham,

222 2081 341 2159 huhnc,
377 2088 469 2148 sexto
484 2063 654 2148 'kalendas
685 2082 828 2167 Augusti
858 2082 1043 2144 infirmatus
1066 2081 1101 2143 in
1125 2081 1193 2144 dies
1216 2082 1271 2145 de·
1284 2049 1390 2177 iffi}

222 2184 359 2249 liciebat.
407 2186 509 2270 Cujus
533 2191 634 2270 pater,
657 2185 774 2248 videns
789 2190 938 2266 tempora
961 2182 1068 2247 luctus
1092 2183 1269 2260 immincre,

222 2306 314 2349 suam
337 2287 457 2350 metuit
479 2287 650 2351 absentare
673 2284 889 2370 praesentiam.
936 2284 1009 2347 Hoc
1031 2284 1151 2367 quippo
1172 2284 1273 2347 habet

221 2384 398 2471 impatiens
419 2408 518 2462 amor,
543 2393 583 2449 ut
606 2387 635 2450 ci
667 2408 765 2470 quern
796 2384 906 2469 diligit
937 2385 1047 2447 abesse
1074 2406 1140 2447 non
1163 2385 1273 2467 possit,

221 2488 436 2572 quamvisque
459 2489 634 2552 subvenire
665 2509 731 2551 non
763 2486 880 2561 valeat,
904 2507 979 2549 suos
1007 2491 1117 2549 tamen
1139 2485 1275 2549 affectus

221 2588 368 2654 sollicitis
400 2589 522 2654 soletur
554 2590 748 2675 aspectibus.
807 2589 884 2651 Non
914 2587 1034 2672 accipit
1064 2588 1104 2651 dc
1127 2587 1273 2672 impossi-

221 2688 351 2754 bilitate
375 2689 537 2766 solatium,
560 2711 628 2753 non
655 2712 698 2753 ex
728 2688 919 2752 difficultate
942 2688 1129 2751 remedium.
1185 2688 1274 2750 Eun-

222 2789 311 2854 tibus
335 2791 445 2874 itaque
476 2792 551 2855 aliis
582 2791 628 2854 ad
659 2791 837 2854 oratorium
868 2795 984 2852 octava
1007 2788 1274 2862 (1111111101-

222 2892 406 2955 suetudinis
444 2898 494 2956 est
532 2892 749 2966 secularibus,
797 2890 885 2952 dorni
923 2889 1066 2952 residens
1112 2889 1275 2952 assidebat

222 2996 352 3074 aegroto
414 2989 477 3055 Cui
515 2997 590 3074 post
619 2990 783 3054 modicum
821 2994 951 3072 tempus
982 2989 1162 3072 exspiranti
1200 2990 1275 3054 cilia

222 3090 332 3155 clausa
356 3099 441 3167 sunt,
464 3113 581 3155 manus
607 3091 803 3165 cancellato,
828 3090 925 3174 pcdcs
956 3090 1133 3174 compositi,
1158 3092 1274 3174 panni-

222 3192 288 3256 culi
311 3193 382 3276 ejus
404 3193 602 3278 pauperibus
618 3192 795 3267 distributi,
821 3191 1010 3275 cunctisque
1033 3192 1274 3276 exsequialibus

222 3291 285 3355 rito
309 3293 456 3375 peractis,
472 3293 653 3355 intervenit
676 3314 767 3356 mora
782 3313 847 3375 qua
862 3299 1015 3356 consueto
1031 3293 1139 3357 viator
1158 3295 1274 3357 itincre

223 3413 337 3476 passus
360 3392 449 3457 mille
471 3393 678 3457 transmittit.
726 3392 936 3457 Manentibus
951 3398 1062 3456 autem
1079 3395 1274 3477 quibusdam

223 3512 339 3576 corpus
361 3513 448 3576 aqua
470 3510 562 3557 sacra
592 3493 760 3577 pertusum
790 3496 847 3567 est,
873 3514 946 3576 quae
970 3493 1010 3556 de
1032 3495 1148 3557 tumba
1171 3497 1274 3559 sancti

223 3594 379 3677 martyris
401 3592 503 3658 allata
526 3594 646 3678 passim
670 3593 885 3671 diffunditur3
918 3599 953 3656 et
975 3594 1076 3678 coepit
1098 3582 1184 3659 illico
1207 3618 1274 3660 mo-

222 3694 300 3759 veri.
359 3693 572 3779 Fuerrurtquc
596 3694 654 3778 qui
677 3693 875 3777 conjicerent
904 3694 1002 3757 luisse
1026 3695 1156 3779 signum
1179 3697 1259 3760 misc

222 3796 359 3861 rationis
381 3795 525 3873 divinae;
557 3796 616 3859 alii
647 3795 825 3880 impulsum
853 3795 1062 3860 ventositatis
1081 3797 1273 3862 interclusas.

222 3898 300 3962 Post
323 3897 504 3982 paululum,
535 3897 676 3961 alterum
708 3896 913 3961 brachiorum
946 3898 1122 3974 dimovens,
1155 3921 1274 3985 magno

222 4000 338 4085 vagitu
354 4006 493 4064 matrem
509 3999 648 4065 vocavit.
682 3998 818 4063 Videres
835 3999 946 4083 itaque
962 4022 1020 4084 per
1035 4006 1163 4085 apertos
1180 4024 1274 4085 poros

222 4099 404 4185 corpusculi
435 4104 568 4164 tautum
599 4099 793 4164 colluvionis
828 4121 1024 4184 expressum,
1059 4103 1273 4187 sudoremque

223 4224 281 4287 per
295 4202 441 4265 membra
464 4201 670 4277 defluentem,
687 4206 727 4263 ut
742 4223 783 4265 cx
807 4201 920 4264 codem
943 4202 1093 4265 rnolcstia
1115 4205 1273 4286 passionis
1300 4258 1305 4267 .

223 4304 440 4367 innotesceret
462 4309 496 4367 et
518 4303 685 4367 restitutio
708 4303 868 4367 sanitatis.
916 4302 1118 4366 Nuntiatum
1145 4311 1274 4369 11111-

224 4410 291 4470 tcrn
323 4403 412 4488 patri
435 4403 513 4487 quia
543 4403 631 4466 filius
659 4402 730 4487 ejus
745 4403 882 4466 viveret.
941 4403 1045 4481 Quem
1070 4405 1182 4468 statirn
1205 4406 1274 4489 ipse

223 4511 301 4569 voto
317 4503 587 4589 peregrinationis
610 4504 794 4588 astringens
815 4508 909 4567 tanto
931 4503 1077 4588 tripudio
1094 4506 1275 4570 exsultavit

223 4614 263 4670 ut
285 4594 482 4691 evangelicae
506 4606 624 4681 viduae,
649 4604 754 4668 filiurn
778 4611 872 4669 extra
894 4612 1005 4690 portas
1029 4608 1174 4671 civitatis
1199 4611 1273 4673 1111-

223 4710 317 4784 111111,
342 4730 453 4792 parem
475 4708 626 4772 lautitiam
650 4707 820 4770 exhiberet
832 4732 839 4785 ;
872 4709 935 4770 nisi
960 4711 1046 4792 quod
1070 4711 1179 4773 forsan
1202 4713 1274 4774 uni-

225 4832 300 4874 cum
322 4831 389 4874 non
412 4810 589 4874 defleverat
612 4816 646 4873 et
677 4815 841 4873 mortuum
873 4831 939 4874 non
962 4810 1132 4875 extulerat.
1190 4814 1274 4877 Ocn-

225 4910 333 4974 valuit
364 4909 462 4994 igiter
493 4931 573 4993 puer
605 4910 744 4985 omnino,
772 4910 836 4972 nisi
872 4911 958 4994 quod
993 4913 1219 4975 comnnmilurs
1242 4919 1276 4976 et

227 5011 428 5098 quotidianis
451 5012 531 5075 cibis
553 5034 619 5076 non
643 5012 806 5088 utebatur,
830 5012 964 5097 reliquis
987 5014 1156 5077 fastidium
1179 5038 1275 5099 genc-

227 5116 377 5182 rantibus
399 5120 614 5199 praeterquam
638 5114 738 5200 fragis
761 5121 794 5179 et
814 5115 920 5190 moris,
938 5138 1011 5199 quae
1034 5117 1070 5179 in
1092 5139 1131 5182 ea
1146 5118 1276 5203 regione
