3316 6240
343 752 407 816 326
677 764 856 814 sarnacum
880 764 904 812 a.
928 763 1066 823 monn,
1246 748 1325 832 [mu.
1342 764 1388 812 rv.

174 960 289 1025 whyhe
343 953 396 1016 dic
428 951 528 1017 tertia
561 951 701 1015 reduxit.
760 951 831 1015 Nec
863 950 950 1015 enim
985 956 1135 1014 sanctum
1167 949 1314 1034 oportuit
1349 949 1391 1013 ad

174 1033 283 1143 {lm
293 1102 319 1143 10
343 1056 536 1135 commercia
558 1054 621 1117 riri
646 1054 735 1118 lucro
758 1053 918 1117 inhiantis
950 1053 1125 1136 producere
1148 1074 1268 1117 cursus.
1328 1053 1391 1116 Re-

176 1160 330 1237 Pf0⁰⁰⁰d⁰¹¹
344 1157 511 1222 vocandus
533 1162 604 1220 erat
626 1156 669 1220 ad
692 1155 831 1240 propria,
848 1159 888 1218 ut
910 1177 951 1218 ex
967 1154 1019 1217 his
1038 1176 1111 1238 quae
1134 1155 1223 1239 apud
1246 1178 1280 1218 se
1302 1177 1392 1240 gere-

176 1227 217 1275 ¹³¹⁸
225 1240 331 1291 voyage.
343 1266 459 1323 rentur
489 1258 634 1322 exterius
669 1262 857 1321 moneretur
886 1256 1025 1319 interius
1056 1257 1195 1340 propriis
1219 1257 1315 1320 rebus
1338 1256 1393 1320 de-

345 1382 444 1445 super
465 1359 553 1423 datis
575 1363 749 1423 contentus
772 1380 849 1435 esse,
872 1379 940 1421 non
956 1379 997 1421 ex
1020 1357 1127 1421 alieno
1150 1357 1256 1422 ditari.
1305 1358 1392 1421 Nam

345 1462 499 1548 perpauci
521 1460 735 1545 negotiantur
758 1461 815 1543 qui
846 1481 913 1523 non
945 1480 987 1523 ex
1019 1457 1126 1523 alieno
1153 1458 1272 1522 darnno
1306 1458 1394 1522 locu-

345 1564 534 1649 pletantur3
571 1561 666 1626 alteri
698 1568 809 1625 autem
832 1561 989 1625 damnum
1013 1581 1079 1624 non
1104 1559 1251 1624 inferunt
1273 1560 1337 1623 nisi
1362 1568 1397 1624 et

346 1664 514 1750 proprium
546 1663 707 1727 damnum
733 1663 911 1738 incurrant,
942 1662 970 1724 si
1000 1682 1066 1725 non
1098 1660 1257 1725 bonorum
1285 1684 1395 1747 corpo·

347 1768 475 1841 ralium,
505 1765 621 1829 saltem
652 1765 882 1850 spiritualium.
931 1764 974 1829 Et
996 1770 1149 1830 constant
1171 1765 1283 1850 magni
1306 1765 1396 1830 luera

347 1871 559 1958 pecuniarum
583 1890 656 1953 quae
680 1870 801 1934 damna
823 1874 1008 1954 sequuntur
1030 1868 1222 1932 animarum.

386 2061 465 2144 (14.)
490 2060 537 2124 Dc
560 2057 643 2123 arceri
665 2058 707 2122 in
729 2057 823 2122 orriri
845 2057 1092 2123 Mediterranea
1117 2080 1191 2143 qam
1213 2056 1357 2142 seopulis

800 2157 949 2223 ndlrmcz't.

178 2293 294 2345 neliver-
394 2286 536 2367 Quidam
575 2287 737 2372 peregrini
770 2307 858 2349 marc
890 2285 1168 2350 Mediterraneum
1202 2287 1397 2370 navigantes

180 2362 295 2491 pugrdrb
309 2426 335 2476 in
350 2390 384 2453 in
407 2388 554 2473 scopulos
578 2389 792 2473 impegerunt,
815 2392 849 2451 et
880 2387 1057 2471 periclitari
1080 2393 1257 2472 coeperunt.
1316 2387 1397 2450 Erat

179 2492 318 2543 rheltuli-
347 2496 460 2557 autem
483 2489 670 2574 hujusmodi
705 2489 894 2573 perieulum,
919 2496 958 2553 nt
988 2490 1107 2574 puppis
1138 2496 1172 2554 et
1195 2490 1306 2553 carina
1328 2511 1395 2553 sco-

179 2567 322 2609 ⁸⁰m¹¹⁸⁸¹¹'
347 2591 434 2677 pulis
468 2591 614 2667 haereret,
642 2613 739 2675 prora
770 2612 847 2655 vero
879 2613 982 2675 prona
1014 2591 1200 2675 dependens
1234 2592 1396 2676 subjectos

349 2694 506 2757 lamberet
529 2694 642 2758 undas.
698 2692 861 2757 Carbasus
882 2698 993 2758 autem
1025 2716 1046 2757 a
1076 2693 1160 2757 malo
1186 2695 1395 2778 profluxerat,

348 2799 382 2859 et
421 2794 575 2858 fluctibus
602 2795 672 2878 jam
712 2800 903 2858 exsaturata
935 2800 1096 2857 antennas
1134 2794 1322 2871 deducebat,
1357 2801 1397 2859 ut

348 2900 382 2960 et
419 2895 525 2959 malus
558 2894 714 2959 fluctibus
748 2896 1001 2979 immergeretur.
1059 2895 1261 2974 Quibusdam
1295 2896 1397 2980 igitur
1427 2904 1434 2919 ’

348 3020 390 3061 ex
413 2996 525 3061 nautis
555 2996 710 3060 rudentes
741 2995 971 3069 insilientibus,
996 2995 1070 3058 aliis
1093 2995 1133 3059 de
1164 2997 1305 3080 peccatis
1329 2998 1396 3060 suis

347 3097 497 3163 sollicitis
520 3102 555 3161 et
577 3096 784 3170 voventibus,
801 3095 951 3160 omnibus
967 3103 1078 3160 autem
1098 3118 1218 3160 nomen
1241 3097 1396 3182 martyria

349 3199 482 3263 Thomae
516 3198 770 3273 clamitantibus,
803 3198 977 3261 manifesto
1004 3204 1038 3262 et
1070 3198 1211 3262 mirabili
1244 3200 1337 3283 signo
1360 3200 1395 3262 in

349 3324 477 3389 proram
508 3301 604 3364 navis
636 3322 815 3386 exsurgens
849 3300 885 3362 in
919 3321 1064 3384 puppem
1087 3301 1242 3377 subsedit,
1267 3307 1305 3366 ut
1327 3324 1395 3365 am-

349 3405 486 3489 biguum
510 3403 594 3467 nulli
617 3403 855 3487 relinqueretur
877 3403 958 3486 quin
986 3424 1090 3487 prone
1113 3425 1246 3468 manum
1270 3410 1398 3489 martyr

349 3505 581 3589 supposuisset.

395 3704 474 3787 (15.)
502 3704 546 3768 De
562 3702 686 3786 juvenc
709 3702 770 3787 qui
791 3723 854 3787 por
876 3700 1093 3766 lenterius-tem
1116 3700 1193 3766 ludi
1218 3700 1359 3765 buccella

715 3803 951 3887 slrnnpulutus
973 3810 1023 3868 eat.

89 4003 95 4013 .
181 3958 327 4017 noberunt
393 3946 564 4009 Alutarius
587 3945 730 4030 quidam,
758 3944 922 4008 Robertus
952 3945 1092 4019 nomine,
1117 3944 1204 4007 filius
1227 3943 1396 4027 eujusdam

179 4025 326 4140 ffidhgf¹⁸⁰'
348 4046 490 4119 Thamar,
519 4048 726 4131 professionis
759 4047 913 4130 ejusdem,
945 4047 985 4110 de
1017 4047 1113 4110 domo
1145 4046 1256 4109 David
1288 4046 1398 4109 fratris

180 4156 274 4217 David,
349 4149 434 4234 rogia
457 4148 639 4224 Scotorum,
663 4149 705 4211 ad
729 4155 866 4211 mortem
888 4148 1076 4231 aegrotabat.
1124 4148 1188 4226 Qui
1213 4169 1285 4211 eum
1303 4147 1398 4231 quin-

180 4224 337 4351 ἱξζὲξοζξὲ
350 4251 453 4315 decim
478 4250 548 4314 dies
570 4251 640 4313 sine
665 4250 755 4312 victu
773 4249 877 4311 vitam
902 4250 1123 4334 pertraxisset,
1148 4248 1398 4312 imminentibus

179 4354 339 4413 rhesisdeli-
351 4352 505 4415 extremis
528 4351 653 4434 accepit
677 4351 711 4413 in
735 4348 891 4413 monitis1
915 4356 954 4413 ut
980 4351 1020 4413 de
1045 4356 1189 4434 martyre
1212 4350 1397 4424 confideret,

182 4423 257 4469 rered
269 4422 335 4470 from
596 4455 602 4468 .
757 4454 763 4467 .
812 4454 818 4467 .
948 4453 955 4467 .
1205 4454 1211 4467 .
1332 4455 1338 4467 .

180 4486 272 4549 canly
349 4459 384 4517 et
407 4461 542 4517 voveret
575 4476 614 4518 er.
659 4454 845 4538 Acqmevrt,
880 4459 982 4529 vovit,
1018 4460 1146 4539 postera
1180 4454 1233 4516 dre
1265 4460 1397 4538 pemtus

179 4551 301 4601 aickness.
373 4588 545 4595 .,...--...
604 4589 636 4595 ..
667 4588 793 4597 ...η-
985 4587 1109 4593 .-.-.--.
1163 4587 1191 4595 ,.
1241 4585 1260 4592 -

761 4644 767 4679 ¹
786 4646 919 4703 immundis.
934 4644 988 4703 MS.
