3316 6240
233 1275 297 1324 ma.
314 1259 365 1343 11.]
438 1273 597 1324 sumena
619 1272 799 1320 anenno
822 1272 1085 1322 orurusmarvsr.
1221 1262 1290 1323 215

234 1457 380 1542 quinque
418 1458 617 1543 septimanas
654 1459 827 1536 excubans,
859 1459 895 1522 id
933 1480 998 1542 quo
1031 1459 1183 1543 privatus
1217 1464 1289 1523 erat

232 1564 362 1624 naturae
399 1559 483 1624 vitio
522 1560 769 1645 supplicationis
806 1561 963 1625 beneficio
998 1568 1190 1627 consecutus
1229 1566 1289 1625 est.

235 1658 324 1723 Nam
357 1680 516 1725 manuum
548 1667 582 1724 et
616 1661 774 1726 femorum
808 1661 1040 1746 impetiginosa
1062 1662 1153 1725 sanic
1186 1662 1288 1727 desic-

234 1764 315 1835 cata,
353 1760 625 1845 inflationumque
666 1761 837 1825 tuberibus
873 1762 1022 1845 explosis,
1054 1762 1290 1826 fruticantibus
1383 1817 1385 1823 .
1467 1797 1471 1803 ·

229 1858 300 1943 jam
323 1861 510 1945 superciliis,
534 1862 710 1945 vultusque
740 1868 928 1927 renascente
958 1863 1073 1947 gratia,
1097 1862 1288 1927 cohabitan-

233 1961 323 2024 tibus
345 1963 522 2027 convivens
545 1968 579 2027 et
601 1963 852 2027 conviventibus
879 1970 1013 2047 cqrtens
1036 1986 1142 2029 carere
1166 1964 1293 2049 meruit

233 2064 467 2149 segregationis
489 2064 601 2150 elogio.

467 2299 545 2384 (54.)
569 2298 617 2362 De
638 2320 709 2363 ano
733 2299 858 2382 leproso
881 2299 920 2363 dc
943 2299 1052 2364 Keteo.

277 2453 420 2532 Quidam
443 2455 528 2518 alius
552 2454 767 2539 compatriota
789 2453 896 2538 hujus,
913 2454 1059 2537 ejusdem
1083 2455 1287 2519 infirmitatis
1299 2479 1420 2531 Araba

232 2559 265 2616 et
288 2555 435 2639 ejusdem
466 2555 616 2630 nominis,
640 2556 697 2619 sed
728 2554 834 2617 virilis
864 2555 981 2631 aetatis,
1007 2556 1045 2618 de
1070 2556 1143 2620 vico
1171 2556 1286 2634 Keteo,
1299 2561 1414 2662 ffifw

231 2655 368 2720 eandem
391 2658 532 2742 gratiam
563 2658 599 2720 in
630 2663 774 2741 martyre
801 2662 993 2722 consecutus
1016 2664 1073 2721 cst.
1121 2659 1286 2738 Quicum
1299 2651 1446 2739 onuetti-

232 2758 456 2840 praeeuntibus
487 2758 624 2822 maculis
655 2758 753 2840 leprae
787 2757 943 2840 perferret
975 2758 1010 2819 in
1034 2758 1116 2822 facie
1139 2761 1285 2845 contagi-
1300 2742 1418 2859 {fflgp

229 2877 333 2933 onem,
358 2858 489 2921 distulit
511 2880 569 2941 pcr
591 2859 760 2921 biennium
784 2857 868 2920 vitio
888 2857 1097 2941 negligentiae¹
1120 2859 1205 2922 vitio
1226 2881 1286 2924 na·
1299 2875 1410 2938 leprosy.

229 2962 314 3021 turae
360 2980 551 3034 succurrere,
591 2958 787 3041 effectusque
830 2979 1001 3022 causarum
1049 2959 1288 3024 invalescentes

231 3059 413 3142 praecidere,
438 3061 541 3124 donec
570 3059 721 3142 contagio
752 3066 976 3144 contemptum
1007 3061 1185 3137 induceret,
1209 3083 1285 3126 con-

229 3163 375 3242 temptus
408 3159 573 3244 pudorem,
605 3159 711 3242 pudor
744 3160 787 3223 ad
821 3161 1098 3225 conversationem
1132 3160 1286 3226 selectam

230 3260 445 3345 compelleret.
492 3261 590 3333 Unde
614 3265 744 3324 coactus
767 3268 817 3325 cst
842 3262 976 3325 tandem
1000 3263 1150 3325 divinum
1174 3270 1287 3347 postu-

229 3362 297 3426 lare
331 3362 532 3447 suffragium,
563 3362 641 3445 quia
675 3362 766 3425 deses
787 3384 808 3425 a
838 3362 998 3446 principio
1021 3384 1087 3426 non
1110 3365 1287 3447 quaesierat-

230 3463 420 3528 humanum.
468 3465 688 3549 Egressusque
711 3464 752 3527 de
775 3469 864 3527 terra
886 3469 920 3527 ct
943 3463 983 3526 de
1006 3465 1200 3548 cognatione
1225 3487 1286 3531 sua

229 3566 323 3631 venit
355 3567 391 3629 in
421 3573 543 3630 terram
577 3586 676 3648 quam
711 3564 873 3628 Dominus
905 3563 1064 3647 sanguine
1095 3565 1175 3628 novi
1198 3566 1285 3631 Abel

228 3671 438 3746 consecravit,
455 3690 554 3754 quam
577 3689 672 3732 novae
688 3667 804 3730 vitulae
827 3666 909 3730 rufae
925 3667 1031 3732 cincre
1055 3669 1281 3746 sanctificavit,

115 3799 124 3819 ·
228 3771 286 3835 ubi
309 3773 397 3835 filius
420 3773 456 3834 in
479 3777 573 3834 utero
596 3770 711 3833 matris
734 3769 858 3833 occisus
881 3769 990 3832 reddit
1012 3768 1138 3833 claudis
1153 3793 1282 3855 gressus

227 3879 261 3938 et
283 3874 376 3940 caecis
399 3874 499 3948 visus,
516 3871 573 3935 ubi
592 3892 686 3936 cruor
707 3869 896 3934 humanus1
919 3870 1114 3954 propinatur
1136 3877 1170 3934 et
1192 3872 1283 3937 salus

227 3976 360 4053 bibitur,
383 3975 442 4039 ubi
457 4006 461 4013 ·
475 3973 514 4037 dc
549 3994 702 4037 mucrone
725 3971 944 4055 vespillonum
968 3971 1039 4034 vita
1063 3974 1281 4057 progreditur,

226 4079 283 4142 ubi
318 4098 449 4163 serpens
487 4095 597 4139 sancus
635 4074 780 4158 erigitur,
815 4078 850 4136 et
883 4073 1008 4158 ignitus
1041 4078 1186 4151 necatur,
1220 4076 1280 4139 ubi

225 4202 313 4245 nova
336 4180 460 4265 piscina
483 4182 642 4252 movetur,
658 4182 693 4238 et
715 4197 801 4238 unus
824 4181 964 4239 curatur.
1004 4176 1280 4263 Abrumpensque

224 4287 276 4346 tot
307 4280 362 4344 ille
394 4279 548 4343 veniendi
580 4276 790 4341 difficultates
820 4282 854 4340 et
877 4282 928 4339 tot
963 4278 1126 4362 repagula,
1149 4280 1281 4346 itineris

223 4380 424 4466 longitudini
447 4378 658 4443 latitudinem
673 4377 789 4462 gratiae
813 4376 986 4453 conferens,
1003 4375 1142 4441 solium²
1158 4381 1279 4445 fervori

222 4483 369 4548 caritatis
407 4481 564 4555 ardorem,
602 4479 747 4563 penurias
782 4478 936 4542 familiari
974 4479 1020 4541 rei
1058 4480 1278 4564 adipiscendae

223 4585 375 4649 sanitatis
398 4581 609 4657 affluentiam,
639 4602 726 4644 novo
757 4579 882 4655 Bethel,
906 4580 1006 4644 immo
1033 4602 1120 4645 nova
1143 4584 1278 4650 Jeruso-

223 4687 316 4764 lema,
340 4688 425 4752 circa
448 4686 606 4770 piscinam
630 4683 858 4746 misericordiae
882 4683 951 4746 dies
974 4687 1008 4747 et
1034 4691 1145 4748 noctcs
1169 4694 1276 4749 trans-

222 4790 340 4874 igebat.
401 4788 550 4870 Cumque
593 4790 720 4848 motum
756 4805 850 4867 aquae
888 4783 1103 4868 angelumque
1143 4786 1275 4849 descen-

221 4893 353 4957 dentem
391 4890 535 4974 quinque
576 4886 832 4971 septimanarum
864 4885 1024 4951 curriculo
1062 4907 1276 4970 perseverans

256 5142 264 5174 ¹
281 5140 399 5203 tamnus,
412 5140 468 5190 MS.
743 5137 747 5205 1
795 5136 806 5169 ²
823 5135 884 5186 solis
896 5136 1030 5186 interlincd
1041 5137 1067 5184 in
1079 5136 1138 5184 MS.
