3316 6240
281 1330 345 1378 tm.
362 1316 424 1398 ru]
482 1330 642 1379 rumore
664 1330 843 1379 unumne
866 1328 1129 1378 enumeremus.
1264 1308 1329 1379 367

284 1558 288 1563 '
386 1556 466 1641 (54.)
490 1556 538 1622 Dc
553 1555 677 1641 jovem
699 1555 843 1659 duplico
866 1554 1059 1641 Petroporco
1083 1560 1224 1620 mortuo.

325 1710 468 1775 Juvenis
514 1712 686 1789 Radulfus,
725 1712 911 1798 Petragorae
949 1711 1097 1776 civitatis
1138 1708 1330 1795 inquilinus,
1343 1711 1463 1774 usipus

281 1811 441 1899 Anglicus
472 1835 598 1899 genere,
629 1819 821 1900 peracutum
852 1813 1042 1898 patiebatur
1072 1808 1328 1877 hemitritaeum.1
1343 1793 1463 1909 {ffissh

282 1914 446 1995 Quicum
470 1917 539 1981 dies
561 1916 689 2002 aliquot
718 1917 834 1981 ardore
864 1917 968 1980 nimio
995 1916 1236 1999 decoqueretur,
1260 1909 1442 1979 diesm⁸¹1218

283 2016 438 2083 criticus²
456 2018 726 2104 exspectabatur3
748 2040 813 2104 quo
836 2024 1063 2105 praetereunte,
1080 2023 1113 2082 et
1136 2008 1201 2082 olio
1223 1976 1499 2092 succe-iffifflm.

283 2119 389 2197 dente,
412 2122 656 2206 praecurrebant
690 2120 938 2208 symptomata³
958 2121 1083 2197 mortis,
1118 2127 1152 2184 ct
1183 2119 1330 2184 omnium
1344 2106 1476 2225 iffi-²¹¹

282 2242 509 2307 corporeorum
531 2242 686 2288 sensuum
710 2222 814 2289 officio
838 2223 1020 2288 destitutus
1042 2229 1099 2287 est.
1157 2190 1441 2308 Lugebantiueu‘i‘f

283 2346 358 2388 cum
403 2323 564 2402 mulieres,
603 2324 794 2390 claudentes
839 2326 948 2390 oculos
986 2326 1064 2410 ejus,
1104 2330 1138 2389 et
1176 2325 1329 2401 dicentes,

283 2432 300 2460 “
323 2425 443 2491 Nonne
466 2426 582 2491 beatus
605 2426 746 2492 Thomas
769 2427 1003 2514 suffragabitur
1025 2427 1064 2505 ci,
1088 2447 1186 2510 quem
1209 2427 1331 2491 totiens

282 2534 300 2562 “
322 2527 520 2594 invocavit?
590 2528 804 2613 Perquiratur
837 2517 925 2614 aqua
958 2527 1122 2612 martyris,
1157 2533 1190 2592 et
1223 2528 1260 2591 in
1293 2548 1332 2593 ea

283 2636 300 2663 “
323 2629 562 2695 suscitabitur.”
608 2629 836 2696 Intercedente
858 2631 971 2715 itaque
993 2635 1147 2715 tempore,
1171 2634 1332 2714 quantum

282 2731 445 2798 milliariis
468 2738 611 2819 quatuor
640 2735 852 2820 peragrandis
882 2735 1078 2820 exigeretur,
1101 2738 1141 2797 ut
1164 2733 1204 2797 do
1227 2739 1331 2798 morte

284 2834 349 2898 viri
380 2834 465 2899 nulli
503 2835 654 2900 dubietas
686 2835 934 2921 relinqueretur,
958 2857 1045 2921 aqua
1077 2856 1168 2900 secra
1198 2841 1331 2920 potatus

283 2935 394 3001 oeulos
416 2937 553 3022 aperuit,
576 2958 637 3003 nec
658 2937 725 3003 alia
747 2938 822 3004 crisi
852 2938 1058 3023 precedente
1088 2937 1221 3023 penitus
1257 2958 1331 3002 con-

284 3037 399 3102 valuit.
455 3038 493 3102 Si
515 3059 591 3124 ergo
614 3045 763 3104 mortuus
785 3039 858 3117 fuit,
882 3040 968 3105 sieut
990 3039 1136 3105 medicus
1159 3037 1331 3115 Walterus,

285 3140 392 3208 sancti
415 3139 598 3205 Salvatoris
622 3141 797 3207 Ovetensis
820 3142 967 3209 civitatis
998 3132 1180 3218 canonicus
1204 3161 1331 3207 asseve-
1345 3160 1480 3228 (ovieuo.)

283 3243 380 3320 ravit,
396 3244 454 3328 qui
477 3264 590 3309 curam
612 3244 683 3328 ejus
706 3245 783 3331 egit,
807 3245 893 3310 sicut
915 3251 949 3309 et
972 3245 1041 3330 ipse
1064 3249 1215 3308 mortuus
1236 3244 1332 3309 nobis

284 3344 454 3422 indicavit,
478 3344 537 3430 qui
559 3345 640 3429 quid
662 3353 815 3432 ageretur
837 3347 922 3411 circs
944 3368 978 3411 se
1001 3346 1134 3431 penitus
1158 3346 1331 3431 ignoravit,

285 3446 497 3512 manifestum
520 3453 571 3513 est
593 3447 797 3513 miraculum.
845 3448 882 3512 Si
897 3468 975 3512 vero
998 3447 1122 3532 physis,
1138 3469 1213 3512 cum
1236 3470 1334 3513 causa

275 3570 437 3635 pugnans
471 3557 505 3615 et
527 3553 624 3630 victa,
648 3573 716 3617 non
749 3556 880 3636 poterat
910 3557 1119 3636 permotum
1150 3557 1209 3615 aut
1242 3551 1334 3615 aliud

286 3653 418 3738 signum
449 3656 594 3719 exterius
629 3655 806 3740 quicquam
829 3654 870 3717 de
899 3654 972 3718 vita
994 3654 1187 3740 significare,
1214 3654 1334 3719 nihilo-

193 3804 198 3815 .
286 3754 395 3819 minus
425 3755 613 3822 mirandum
640 3762 691 3821 est
720 3756 830 3841 ipsum
864 3756 935 3819 sine
971 3756 1153 3841 digestione
1187 3755 1334 3820 muteriae

285 3856 512 3940 convaluisse;
549 3860 656 3925 solent
694 3859 782 3922 enim
819 3859 959 3923 nimium
998 3864 1141 3945 sputum,
1180 3858 1333 3936 vomitus

285 3959 397 4024 fluxus
427 3961 566 4038 narium,
599 3961 705 4037 sudor,
729 3966 764 4025 et
796 3960 923 4025 ventris
957 3961 1157 4046 obsequium,
1187 3960 1334 4026 futuram

285 4061 395 4128 crisim
418 4062 580 4131 nuntiare.

289 4290 369 4375 (55.)
403 4292 450 4359 Dc
479 4293 590 4391 utilite
620 4293 920 4381 Pet[r]u9mtceosc
949 4318 1048 4381 quem
1071 4304 1218 4383 qcurtuor
1245 4320 1334 4383 pror·

645 4396 744 4461 doum
766 4396 977 4463 inuadebant.

333 4549 409 4615 Ibat
441 4551 536 4616 miles
561 4551 729 4618 Johannes
759 4555 800 4619 de
823 4561 929 4620 castro
952 4555 1089 4621 Merolio
1117 4556 1334 4642 Petragoram,
1348 4578 1453 4641 John,a

287 4656 322 4715 et
343 4652 462 4717 incidit
483 4654 521 4717 in
543 4659 697 4739 raptores.
753 4655 923 4722 Insidebat
946 4680 1037 4743 equo,
1058 4663 1092 4722 et
1114 4658 1336 4745 impetebatur
1347 4645 1494 4775 {sslfflgffl

288 4772 387 4837 eques
417 4755 496 4839 quia
526 4756 702 4841 petebatur
729 4752 840 4843 equus
864 4760 978 4844 etqui
1011 4770 1027 4794 “
1042 4767 1190 4826 cautaret
1212 4783 1336 4828 vacuus
1350 4790 1482 4855 (Juvenal.

290 4861 307 4887 “
329 4876 436 4921 corum
459 4857 613 4937 latrone,''
635 4881 725 4925 nuno
747 4860 947 4945 chlamyde⁴
969 4864 1140 4929 exuendus
1170 4861 1441 4950 inquieta-¹222)

324 5130 331 5163 ¹
348 5133 500 5192 emitrileum,
512 5132 569 5184 MS.
871 5135 881 5167 ³
897 5136 1052 5197 mutuata,
1064 5139 1121 5191 MS.

322 5210 333 5243 ²
351 5209 474 5272 deum,
484 5211 540 5264 MS.
842 5222 848 5231 '
870 5214 880 5246 ⁴
896 5214 1008 5277 clamide,
1018 5216 1076 5268 MS.
