3316 6240
257 850 260 854 ·
353 896 355 901 Ι
379 818 399 880 6
760 828 842 878 vrrs
864 830 889 878 s.
912 830 1051 891 moun,

212 1030 261 1080 nis
271 1030 346 1081 etas-
379 1016 524 1081 cundum
539 1015 723 1080 vanitatem
739 1019 773 1079 et
795 1016 982 1080 castitatem
998 1015 1173 1081 derisorem
1189 1016 1278 1083 beati
1294 1016 1432 1082 Martini

211 1098 269 1161 my·
381 1118 525 1181 Britium
548 1116 717 1182 videretur
732 1116 908 1182 exhibere¹
954 1119 998 1182 Et
1013 1119 1092 1203 quia
1106 1124 1236 1203 tempus
1251 1118 1432 1195 admonuit,
1525 1138 1529 1143 ·
1628 1104 1631 1109 ’

380 1217 463 1283 libet
496 1219 629 1284 interim
667 1220 756 1304 quod
785 1220 926 1285 occurrit
960 1220 1121 1305 expedire.
1168 1220 1249 1286 Erat
1283 1222 1320 1285 in
1352 1221 1435 1286 villa

382 1319 560 1385 Staffordia
574 1341 678 1404 usque
694 1320 817 1407 regales
833 1320 966 1387 delicias
981 1321 1100 1386 mulier
1114 1321 1259 1406 pulchra,
1275 1322 1318 1386 ed
1334 1342 1433 1406 quam

380 1442 440 1485 rex
473 1421 742 1486 consuetudinem
773 1421 926 1486 habuisse
960 1422 1139 1498 dicebatur,
1176 1443 1315 1507 quaeque
1355 1443 1433 1509 can7

380 1523 510 1589 cellario
533 1524 716 1588 transmisit
746 1524 864 1588 exenia
897 1545 983 1609 saepe
1014 1530 1048 1589 et
1074 1524 1188 1600 multa,
1212 1524 1269 1609 qui
1296 1528 1433 1589 venerat
1503 1592 1506 1597 ,

381 1646 419 1688 eo
449 1624 519 1688 loci.
565 1624 764 1688 AEstimabat
794 1625 985 1708 oppidanus,
1012 1625 1069 1709 qui
1094 1646 1168 1688 eum
1193 1624 1338 1710 hospitio
1362 1646 1433 1689 sus-

381 1730 518 1810 ceperat,
553 1725 641 1808 quod
682 1724 801 1788 mulier
832 1746 908 1789 eum
943 1731 1135 1809 provocaret
1167 1725 1210 1791 ad
1253 1725 1432 1810 ampiexus,

380 1846 568 1908 novumque
591 1824 654 1887 sibi
677 1830 865 1909 procuraret
899 1830 1087 1901 amatorem,
1115 1825 1195 1910 quia
1227 1846 1327 1910 prope
1358 1846 1433 1890 con-

380 1932 545 2011 temptum
568 1927 678 1989 minus
701 1925 798 1990 solito
814 1926 986 1991 fruebatur
1008 1948 1125 1991 amore.
1172 1926 1223 1990 Do
1239 1948 1303 2011 quo
1319 1927 1433 1991 volens

381 2026 556 2102 certiorari,
591 2026 777 2111 timensque
811 2026 875 2090 sibi
913 2026 940 2090 si
979 2026 1069 2111 apud
1099 2048 1133 2091 se
1164 2027 1316 2091 dominus
1354 2048 1433 2091 suus

382 2127 607 2203 offenderetur,
624 2127 830 2213 intempestae
845 2128 951 2193 noctis
974 2127 1114 2205 silentio,
1137 2135 1270 2214 sumpta
1291 2129 1432 2207 lucerna,

381 2231 465 2295 clam
489 2228 532 2292 ed
557 2227 720 2312 hospitis²
746 2229 798 2293 sui
819 2229 1008 2294 cubiculum
1028 2230 1193 2314 ingressus
1209 2236 1266 2294 ost.
1314 2226 1435 2310 Quod³

381 2331 497 2395 videns
529 2330 661 2415 penitus
697 2329 878 2406 immotum,
910 2331 1137 2415 suspicabatur
1164 2330 1252 2415 quod
1285 2331 1326 2395 ad
1361 2352 1433 2395 eam

382 2433 451 2519 ipse
467 2433 644 2499 transisset.
692 2431 743 2494 Et·
759 2431 921 2495 extollens
937 2430 1069 2497 lucem⁴
1091 2432 1184 2496 videt
1206 2438 1284 2497 ante
1310 2432 1433 2497 lectum

382 2534 516 2599 vimm⁶
541 2534 816 2619 procumbentem,
851 2533 950 2619 pedes
985 2540 1019 2598 et
1050 2534 1149 2599 tibias
1184 2534 1432 2619 discoopertum,

383 2638 440 2723 qui
471 2642 546 2723 post
579 2635 743 2701 orationes
776 2641 810 2699 et
839 2636 1097 2722 geniculationes
1127 2636 1239 2721 lapsus
1260 2636 1369 2701 fuerat
1398 2637 1434 2699 in

382 2760 540 2804 somnum.
588 2738 632 2801 Et
654 2736 778 2801 factum
809 2740 859 2800 est
893 2741 931 2800 ut
954 2736 1124 2822 religiosus
1148 2736 1354 2801 inveniretur
1376 2736 1434 2821 qui

382 2841 569 2905 luxuriosus
584 2839 784 2925 putabatur·
806 2838 917 2903 forsan
932 2838 1124 2903 ostendente
1140 2837 1281 2902 Domino
1304 2839 1434 2903 temeri-

382 2947 486 3007 tatem
501 2946 655 3017 nostram,
672 2940 728 3025 qui
804 2939 847 3004 ile
859 2940 1048 3024 judicamus
1062 2938 1236 3017 hominem,
1253 2940 1434 3005 nescientes

213 3052 360 3119 snoting's
383 3044 463 3129 quid
486 3044 589 3107 sitin
622 3042 762 3106 homine.
810 3040 918 3125 Igitur
951 3041 1121 3125 aliquanto
1153 3046 1298 3125 ternpore
1325 3039 1434 3124 elapso

213 3121 369 3251 {wlf}
383 3150 557 3231 postquam
587 3143 682 3205 bonae
716 3140 880 3204 memorien
911 3140 1119 3205 Theobaldus
1152 3142 1249 3205 1ebus
1282 3139 1436 3204 humanis

213 3251 358 3327 binrothe
383 3245 530 3319 excessit,
554 3242 670 3305 videns
693 3262 768 3304 eum
784 3262 842 3303 rex
866 3239 1008 3305 officium
1023 3263 1121 3305 suum
1143 3241 1321 3326 prudentor
1336 3262 1435 3325 agen·

213 3331 368 3435 fflffi'sp
384 3351 459 3419 tem,
484 3347 518 3407 ct
547 3341 773 3405 fidelissimum
806 3340 878 3417 sibi,
901 3340 1016 3425 primae
1049 3342 1118 3406 sedi
1139 3342 1322 3428 Anglorum
1352 3362 1435 3426 prae-

377 3444 478 3515 ‚fioere
501 3439 712 3528 procuravit,6
726 3441 859 3506 credens
881 3442 989 3527 ipsum
1005 3442 1105 3508 talem
1128 3443 1186 3527 qui
1201 3442 1289 3508 tanti
1304 3441 1436 3507 honoris

385 3568 468 3613 onus
497 3542 665 3631 portaret,⁷
695 3565 793 3628 quem
823 3544 945 3609 totiens
967 3545 1214 3631 magnanimum
1246 3545 1281 3607 in
1307 3545 1436 3631 magnis

384 3647 537 3735 periculis
567 3650 722 3732 expertus
755 3645 893 3724 fuisset,⁸
916 3668 1113 3732 speransque
1145 3647 1212 3711 suis
1251 3645 1436 3711 haeredibus

384 3746 549 3814 cundem⁰
571 3746 787 3833 profuturum,
810 3746 839 3810 si
862 3769 895 3811 se
918 3746 1028 3812 fatalis
1051 3746 1121 3812 dics
1143 3746 1317 3811 immature
1339 3748 1437 3812 robus

385 3850 538 3916 humanis
568 3848 733 3924 eximeret,
757 3871 790 3912 se
820 3870 898 3914 voro
933 3870 991 3932 per
1014 3869 1089 3912 eum
1120 3848 1337 3914 ecelesiastica
1368 3853 1403 3913 et
1411 3846 1437 3886 ¹⁰

422 4120 430 4154 ¹
448 4122 464 4148 “
474 4119 532 4182 Qui,
540 4133 683 4182 quanquam
690 4123 757 4166 esset
764 4119 887 4180 superbus
967 4117 978 4148 ⁶
994 4119 1122 4182 coqitovit,
1133 4118 1168 4169 V.
1180 4118 1212 4169 N.
1223 4118 1254 4168 L.

389 4205 397 4228 ‘
415 4207 440 4249 et
449 4214 539 4257 vanus,
551 4204 635 4247 castus
647 4204 733 4246 tumen
750 4195 889 4249 iubebatur
968 4195 978 4233 7
996 4199 1061 4246 tanti
1084 4196 1182 4260 quidem
1204 4197 1303 4247 donorio
1323 4200 1436 4262 sustiyio

380 4286 395 4308 ‘⁴
413 4279 439 4328 in
451 4276 582 4342 corpore.”
612 4274 796 4339 Greg.Turon.
815 4274 876 4324 llirt
936 4275 995 4324 tene
1014 4276 1179 4340 sufficientem,
1198 4278 1232 4326 V.
1249 4277 1281 4327 N.
1294 4279 1323 4328 L.
1360 4278 1433 4341 (doh.

380 4360 543 4417 Francorum,
555 4355 580 4404 ii.
594 4360 616 4405 1.
936 4355 1040 4416 Sareb.)

413 4438 423 4469 ²
440 4436 550 4500 hospitii,
561 4434 618 4485 MS.
629 4433 744 4485 Winton.
967 4432 979 4464 ⁸
997 4441 1061 4495 crat,
1070 4432 1105 4483 V.
1116 4434 1145 4485 L.
1155 4455 1162 4494 ς
1172 4435 1274 4498 suerat,
1285 4436 1318 4485 N.

413 4513 530 4575 ⁸Quem,
543 4513 576 4560 V.
589 4512 618 4561 1.
967 4511 1030 4560 9ιιᾰ
1045 4512 1185 4562 adeundum
1206 4528 1306 4576 requam
1327 4529 1389 4575 mm,
1400 4512 1435 4563 V.

412 4593 424 4625 ⁴
441 4590 527 4651 luem,
538 4591 572 4638 V.
584 4590 614 4640 L.
935 4590 967 4639 N.
980 4591 1010 4639 L.

412 4672 502 4730 ⁶Der',
512 4669 632 4729 inserted,
643 4670 676 4720 N.
911 4692 914 4717 ι
970 4666 989 4699 ¹⁰
1005 4676 1041 4729 ur,
1052 4667 1086 4718 V.
1098 4670 1129 4719 L.
