3316 6240
415 864 480 925 386
749 877 926 925 marom
950 878 974 922 s.
998 876 1137 937 rumim,
1340 860 1418 941 [ma
1436 874 1467 919 r.

248 1062 287 1111 St
300 1060 366 1135 ¹¹⁴4,
415 1057 614 1143 alom'nspre
629 1059 794 1125 oculorum
815 1061 939 1124 lumine
957 1062 1113 1146 privarat.
1159 1059 1265 1137 Quem
1283 1059 1344 1122 tali
1364 1056 1467 1121 eredi-

248 1128 381 1243 {fflgsu
417 1180 490 1223 mus
513 1183 612 1246 prena
642 1162 819 1226 multatum
844 1178 880 1225 ut
912 1163 958 1226 ibi
983 1161 1125 1227 locorum
1161 1178 1289 1244 martyr
1321 1160 1469 1223 novitius

249 1260 388 1311 Mim-
417 1260 660 1347 glorificaretur.
708 1263 824 1349 Neque
851 1266 939 1328 enim
963 1264 1158 1328 Eadmundo
1181 1264 1250 1348 regi
1273 1262 1411 1345 martyri
1435 1274 1468 1322 et

417 1365 554 1429 emerito
577 1378 652 1449 post
674 1380 725 1431 tot
756 1368 900 1453 insignia
922 1366 1153 1431 miraculorum
1184 1387 1308 1429 norum
1339 1362 1470 1449 pondus

248 1466 398 1529 (ll-tem
418 1464 537 1529 labor-is
564 1466 663 1551 hujus
694 1469 928 1553 imponendum
951 1478 1030 1533 crat.
1077 1468 1262 1533 Sacerdotis
1295 1481 1366 1530 erat
1400 1464 1469 1527 dio

416 1570 546 1633 caesiano
580 1592 647 1647 suo,
686 1572 839 1655 quamris
876 1571 1012 1636 alterius
1045 1570 1295 1655 jurisdictionis
1334 1588 1467 1632 manum

417 1672 591 1757 imponere,
611 1682 646 1739 et
667 1684 745 1740 ante
766 1678 889 1762 regiam
910 1677 1115 1761 majestatem
1135 1676 1206 1741 luce
1229 1675 1354 1760 previa
1376 1672 1467 1757 regni

413 1775 566 1840 tenebras
589 1775 784 1843 illuminare.
831 1777 954 1843 Sancto
976 1779 1090 1862 itaque
1118 1778 1257 1863 jamjam
1287 1775 1467 1842 curationis

415 1896 549 1939 manum
579 1879 779 1964 apposituro,
803 1880 956 1945 invidens
986 1879 1123 1945 humani
1153 1881 1282 1966 generis
1316 1878 1468 1941 inimicus

414 1978 527 2065 gloriae
561 1988 750 2047 sanctirum
782 1983 826 2047 ad
859 1983 1052 2071 alligaturas
1085 1992 1119 2048 et
1153 1985 1299 2049 carmina
1332 1981 1468 2067 profana

414 2080 596 2145 curandum
624 2084 852 2148 transmittens
884 2106 996 2150 curam
1029 2085 1252 2170 promittebat.
1300 2081 1468 2147 Sustinuit

414 2182 576 2248 modestia
614 2186 771 2269 martyris
809 2186 913 2252 donec
955 2188 1144 2273 arrogantia
1180 2186 1282 2251 fallax
1320 2186 1356 2248 in
1393 2204 1467 2269 pro-

416 2284 569 2349 missione
592 2286 766 2363 fraudaret,
787 2310 862 2373 quae
885 2289 973 2374 quod
996 2296 1182 2354 sauctorum
1205 2295 1255 2353 est
1278 2286 1467 2371 usurpabat,

415 2390 456 2449 ut
477 2386 642 2453 Dominus
667 2389 838 2477 gloriosior
867 2397 1057 2476 apparerct3
1089 2392 1175 2457 sicut
1197 2398 1231 2454 et
1262 2389 1384 2454 factum
1408 2395 1466 2451 est.

416 2486 536 2553 Mulier
557 2511 700 2575 namque
727 2491 882 2570 malefica,
906 2494 1113 2559 considerata
1135 2492 1254 2579 pupilli
1280 2491 1468 2557 innocentia

414 2608 481 2653 non
505 2574 656 2669 videritis,
673 2592 709 2656 irr
732 2615 798 2678 qua
820 2594 958 2680 spiritus
976 2616 1118 2681 nequam
1141 2616 1208 2659 non
1223 2595 1321 2681 capit,
1337 2599 1371 2658 et
1394 2593 1467 2656 diu-

413 2692 575 2757 tumitatc
591 2715 658 2757 non
673 2694 811 2760 videndi
827 2697 1126 2783 impossibilitatem
1143 2697 1377 2762 incantationis
1392 2716 1465 2780 pro-

415 2792 520 2869 fitens,
536 2794 592 2869 ait,
613 2795 725 2860 “Rem
748 2798 837 2863 tanti
859 2798 1023 2865 difficilem
1047 2800 1193 2865 carmina
1216 2821 1282 2864 non
1306 2805 1468 2884 possunt;

416 2903 433 2927 “
457 2896 589 2980 quando
604 2898 692 2961 euim
708 2899 838 2964 videret
858 2900 920 2966 hoc
934 2902 1027 2967 oculo
1043 2924 1108 2986 quo
1131 2902 1258 2987 pridem
1274 2923 1341 2966 non
1356 2901 1466 2965 vidit?

416 3004 433 3031 ‘⁴
455 2996 521 3063 Eat
534 2998 578 3063 ad
592 3000 794 3066 sacerdotem
809 3002 954 3081 Domini,
970 3004 1028 3089 qui
1051 3004 1087 3066 in
1110 3004 1215 3090 digito
1230 3004 1294 3068 Dei
1316 3002 1466 3067 tenebras

324 3160 339 3187 κ
416 3098 515 3164 “has
550 3100 737 3168 illuminare
773 3105 920 3189 poterit''
977 3105 1106 3171 Ductus
1132 3106 1246 3191 itaque
1272 3107 1367 3171 stetit
1388 3111 1466 3168 ante

415 3202 615 3267 sacerdotem
635 3204 779 3289 Helyam
802 3207 837 3270 in
854 3207 990 3293 Elyensi
1013 3208 1176 3294 episcopio
1198 3213 1465 3281 commanentem,

416 3324 482 3387 qua
514 3304 557 3368 ab
588 3305 739 3370 orientali
773 3308 905 3374 climate
938 3310 974 3373 in
1007 3309 1149 3374 insulam
1183 3310 1352 3374 transitur.
1399 3306 1465 3387 Qui

413 3405 590 3489 particulas
616 3406 744 3493 aliquas
775 3411 1048 3477 vestimentorum
1071 3412 1228 3496 martyris
1250 3432 1337 3496 aqua
1363 3410 1465 3473 intin-
1500 3456 1508 3473 .

414 3528 517 3593 guens
544 3508 675 3573 oculum
706 3510 791 3591 livit,
814 3519 850 3578 et
872 3520 1066 3580 excurrente
1099 3515 1189 3579 sanie
1223 3514 1374 3579 tenebras
1407 3512 1465 3575 ab

414 3609 533 3674 stersit.

519 3852 599 3937 (16.)
623 3851 671 3919 De
694 3853 803 3921 tribus
825 3855 995 3923 mutuus
1017 3855 1118 3923 cumo
1139 3855 1375 3924 nur-ruatibus.

245 4021 375 4073 cursare
457 4020 537 4086 Tres
569 4026 729 4108 equestris
759 4027 884 4091 ordinis
916 4028 989 4105 viri,
1013 4027 1200 4092 Willelmus
1223 4028 1263 4092 dc
1298 4026 1461 4111 episcopio

243 4088 357 4217 iffi&
413 4122 613 4199 (lovetrensi
651 4126 751 4213 Hugo
791 4128 994 4205 Eboracensi,
1034 4129 1297 4196 Achcimdrudus
1335 4127 1462 4190 Burde-

242 4220 361 4336 ss·⁰¹¹,¹‚²¹¹⁰
387 4225 543 4339 fgalensi,
581 4227 673 4292 varia
710 4230 750 4293 de
789 4254 822 4295 se
860 4231 1050 4297 retulerunt
1110 4232 1175 4297 Hic
1212 4231 1300 4317 quod
1334 4231 1461 4295 amissus

242 4304 385 4421 lidii&
410 4330 499 4393 vocis
534 4328 676 4395 officium
710 4353 834 4397 vovens
866 4336 1004 4420 martyri
1039 4335 1221 4420 recepisset.
1277 4332 1339 4397 Illo
1374 4332 1462 4417 quod

240 4420 384 4537 {33:¹¹3}
411 4430 473 4494 sibi
509 4431 579 4495 «lius
614 4438 756 4518 quatuor
789 4436 1027 4501 obmutescenti
1061 4441 1097 4501 ct
1127 4436 1279 4501 omnibus
1313 4434 1461 4499 sensibus

377 4526 384 4539 ’
409 4534 541 4611 carenti,
566 4540 724 4620 tunquam
747 4536 863 4614 funeri,
887 4538 991 4604 vitam
1020 4544 1148 4624 martyr
1169 4560 1256 4624 aqua
1282 4559 1341 4601 sua
1367 4537 1460 4600 resti-

407 4635 547 4713 l¹¹l⁸⁸⁰lt
571 4638 697 4715 tertius,
716 4640 803 4724 quod
827 4640 895 4726 ipse
911 4641 954 4705 ab
971 4643 1117 4707 oratione
1140 4642 1270 4707 rediens
1288 4639 1457 4704 mulierem

405 4737 493 4821 apud
517 4760 615 4823 quarn
639 4740 875 4827 hospitabatur,
892 4744 989 4811 iliaco
1004 4746 1117 4810 morbo
1133 4744 1346 4820 laborantem,
1361 4761 1462 4805 manu
