3316 6240
451 777 517 840 460
785 790 965 841 siarcum
986 793 1013 841 1.
1036 791 1174 854 mcum,
1354 776 1433 861 [1111.
1453 792 1502 842 vr.

454 984 470 1010 “
493 977 719 1061 ‘profecerant
742 977 799 1042 illi.
840 976 1024 1043 Circuierat
1046 977 1118 1044 loca
1132 982 1320 1044 sanctorum
1344 976 1502 1056 Franciae,

453 1086 470 1111 “
493 1083 551 1142 ‘et
574 1079 708 1144 tandem
732 1079 869 1144 Minoris
885 1079 1077 1156 Britanniae,
1095 1080 1216 1164 quibus
1238 1080 1347 1166 gratia
1362 1080 1500 1145 curandi

450 1186 467 1213 “
490 1168 662 1245 ‘morbum
694 1181 796 1245 istum
827 1181 947 1246 collata
980 1181 1190 1259 meditaret
1219 1181 1322 1247 totius
1354 1181 1501 1247 consola-

449 1289 466 1317 “
490 1282 613 1348 ‘tionis
635 1304 751 1367 expers
766 1282 809 1347 ad
832 1282 965 1367 propria
979 1304 1128 1347 reversus
1151 1288 1209 1348 est.
1256 1282 1346 1363 Quid
1367 1283 1501 1348 multa?

450 1390 466 1417 “
489 1391 497 1416 ⁴
513 1382 658 1449 Tandem
674 1384 797 1450 auditis
820 1384 985 1450 miraculis
1001 1386 1107 1451 sancti
1123 1384 1265 1461 rhomae,
1282 1383 1500 1450 Cantuariam

449 1492 467 1519 “
490 1485 678 1570 ‘profectus
700 1485 847 1550 obtinuit
869 1490 909 1550 ut
931 1485 1020 1550 stilla
1042 1486 1123 1550 sacri
1147 1486 1282 1570 liquoris
1305 1485 1501 1551 vulneribus

449 1594 466 1621 “
489 1593 497 1620 ‘
512 1586 583 1672 ejus
598 1586 833 1651 infunderetur.
882 1586 955 1667 Quo
970 1587 1065 1664 facto,
1089 1592 1185 1651 tanta
1200 1587 1320 1653 doloris
1336 1587 1500 1653 acerbitas

448 1696 466 1722 “
488 1693 620 1754 ‘totum
650 1709 766 1773 corpus
799 1689 870 1774 ejus
902 1688 1041 1752 interius
1072 1694 1106 1753 11
1136 1686 1282 1753 exterius
1316 1688 1499 1773 occupavit,

448 1798 465 1823 ‘⁴
489 1790 704 1854 ‘continuata
736 1811 794 1874 per
827 1789 949 1855 multos
972 1780 1050 1867 dies,
1075 1796 1114 1854 ut
1144 1790 1212 1855 fere
1236 1790 1375 1876 singulis
1408 1790 1501 1855 horis

448 1899 465 1927 “
488 1898 546 1955 ‘se
590 1891 736 1956 crederet
777 1891 931 1977 spiritum
976 1890 1137 1956 exhalare.
1200 1891 1266 1957 Sed
1304 1892 1499 1957 imminente

449 2000 465 2027 “
489 1992 719 2057 ‘solemnitate
746 1991 955 2059 Pentecostes
986 1992 1192 2058 obdormiens
1226 1993 1269 2058 ad
1307 1992 1499 2058 memoriam

448 2101 465 2128 “
488 2093 667 2178 ‘martyris
704 2094 835 2178 plenam
873 2093 1129 2159 consolationem
1167 2095 1301 2179 acecpit.
1371 2094 1499 2159 Pariter

448 2203 465 2229 “
488 2195 599 2260 ‘enim
632 2195 775 2281 contigit
797 2200 837 2259 ut
858 2195 993 2259 omnino
1026 2201 1167 2260 cessaret
1189 2195 1282 2260 dolor
1305 2201 1340 2261 et
1364 2196 1498 2260 morbus

448 2305 465 2332 “
489 2297 780 2382 ‘exstingueretur
802 2301 837 2361 et
859 2297 998 2361 vulnera
1019 2302 1222 2373 sanarentur,
1245 2297 1367 2362 relictis
1402 2298 1498 2362 dum-

448 2408 465 2434 “
488 2404 607 2464 ‘taxat
629 2399 834 2465 cicatricibus
860 2405 895 2463 et
916 2399 1060 2483 gratiosa
1089 2399 1273 2464 mutatione
1305 2399 1399 2475 cutis,
1422 2419 1497 2482 quae

448 2510 464 2536 “
488 2501 618 2566 ‘adhuc
640 2506 851 2585 perseverant
872 2501 915 2564 ad
938 2521 1025 2564 verae
1048 2498 1252 2564 liberationis
1274 2499 1452 2566 indicium?

493 2610 509 2636 “
532 2602 614 2667 Haec
635 2607 749 2667 cantor
775 2602 838 2665 sub
859 2601 1071 2666 attestatione
1106 2600 1309 2666 circumfusae
1344 2600 1497 2666 multitu-

448 2712 464 2738 “
487 2704 575 2768 dinis
597 2703 720 2780 retulit,
745 2709 779 2768 et
813 2702 974 2768 excitavit
996 2722 1108 2767 omnes
1142 2705 1181 2765 ut
1203 2702 1410 2767 clementiam
1432 2702 1498 2768 Dei

447 2812 465 2840 “
487 2810 521 2871 et
552 2805 708 2890 martyris
739 2803 792 2868 sui
824 2804 990 2889 magnalia
1023 2803 1255 2868 collaudarent.
1303 2803 1385 2884 Quae
1418 2805 1498 2889 quia

447 2915 464 2941 “
487 2911 556 2971 tam
571 2906 709 2971 solemni
732 2906 890 2970 relatione
907 2910 941 2969 et
956 2910 1026 2968 tam
1049 2903 1265 2989 irrefragabili
1280 2906 1496 2972 attestatione

447 3016 464 3042 “
486 3007 654 3094 publicata
676 3013 762 3083 sunt,
785 3005 957 3071 scribenda
979 3005 1089 3070 censui
1112 3005 1282 3070 sanctitati
1306 3012 1432 3084 vestrm,
1456 3012 1497 3072 ut

446 3119 464 3146 “
486 3115 598 3175 vestra
620 3130 749 3195 quoque
772 3129 871 3194 opera
893 3108 956 3173 Dei
978 3107 1083 3193 gloria
1116 3107 1282 3184 dilatetur,
1307 3114 1342 3172 et
1364 3109 1496 3174 debitus

447 3211 625 3298 “martyri
648 3210 757 3276 cultus
786 3214 955 3274 accrescat.
1003 3206 1108 3287 Quem
1131 3208 1167 3270 in
1191 3228 1229 3273 eo
1252 3209 1397 3274 maxime
1419 3230 1495 3275 con-

446 3323 463 3350 “
485 3315 599 3380 sistere
631 3314 780 3390 arbitror,
802 3317 843 3376 ut
865 3332 963 3377 causa
994 3332 1092 3396 quam
1119 3312 1345 3397 pretiosiorem
1376 3312 1496 3378 habuit

446 3423 585 3500 “quam
607 3414 752 3479 animam
785 3433 886 3488 suam,
910 3412 1017 3476 idest
1048 3411 1171 3476 divinae
1205 3412 1287 3498 legis
1320 3413 1495 3499 integritas

445 3525 462 3554 ‘¹
483 3524 519 3582 11
540 3521 752 3582 sacrosancte
775 3515 910 3580 libertas
926 3514 1078 3594 ecclesiae,
1097 3515 1281 3600 justificata
1295 3520 1444 3580 servetur
1459 3522 1495 3582 et

445 3627 461 3654 “
483 3617 588 3683 illaesa
617 3620 814 3703 permaneat.
870 3614 1027 3699 Alioquin
1057 3615 1241 3692 ridiculum,
1273 3616 1375 3680 immo
1406 3621 1494 3682 certe

444 3729 462 3755 ‘¹
484 3719 616 3785 omnino
639 3717 827 3782 damnabile
848 3722 906 3793 111
929 3715 1079 3791 hominis,
1104 3720 1394 3801 quantumcunque
1420 3717 1492 3800 jus-

444 3827 538 3886 “tus
569 3820 620 3898 sit,
644 3819 793 3884 venerari
827 3839 1006 3903 personam,
1030 3822 1064 3881 et
1095 3838 1226 3882 causam
1249 3817 1321 3894 Dei,
1344 3839 1403 3903 pro
1426 3839 1493 3903 qua

443 3933 460 3958 “
483 3922 538 3987 ille
556 3920 759 4006 justificatus
782 3925 839 3995 est,
864 3917 1063 4003 impugnare.

488 4033 503 4058 “
527 4022 746 4088 Sanctitatem
777 4025 922 4085 vestram
944 4021 981 4083 in
1013 4018 1110 4104 longa
1140 4024 1289 4104 tempora
1321 4027 1492 4085 conservet

442 4136 458 4162 “
482 4125 681 4189 Altissimus.
743 4121 858 4185 Estote
903 4141 1061 4185 memores
1102 4121 1166 4185 mei
1204 4120 1240 4184 in
1286 4121 1490 4186 orationibus

441 4237 457 4263 “
480 4224 625 4303 vestris.''

797 4393 878 4478 (58.)
904 4388 1131 4476 (loofimuatio.

273 4548 430 4616 Thebsmp
489 4543 505 4569 “
527 4531 729 4598 Reverendis
751 4529 909 4594 fratribus
931 4532 966 4591 et
988 4526 1116 4591 dilectis
1139 4526 1174 4589 in
1191 4524 1324 4590 Christo
1347 4527 1489 4592 dominis

272 4616 382 4734 3110ξῇ
443 4650 458 4673 “
482 4643 516 4702 11
552 4635 665 4700 amicis
703 4633 779 4703 suis,
817 4631 917 4715 priori
955 4636 990 4693 et
1034 4628 1211 4693 conventui
1249 4627 1488 4705 Cantuariensi,
