<?xml version="1.0" encoding="UTF-8"?>
<!DOCTYPE html PUBLIC "-//W3C//DTD XHTML 1.0 Transitional//EN"
    "http://www.w3.org/TR/xhtml1/DTD/xhtml1-transitional.dtd">
<html xmlns="http://www.w3.org/1999/xhtml" xml:lang="en" lang="en">
 <head>
  <title>
</title>
<meta http-equiv="Content-Type" content="text/html;charset=utf-8" />
  <meta name='ocr-system' content='tesseract 3.04.00' />
  <meta name='ocr-capabilities' content='ocr_page ocr_carea ocr_par ocr_line ocrx_word'/>
</head>
<body>
  <div class='ocr_page' id='page_1' title='image "./materialsforhis01robegoog_0543.png"; bbox 0 0 3316 6240; ppageno 0'>
   <div class='ocr_carea' id='block_1_1' title="bbox 378 742 1441 832">
    <p class='ocr_par' dir='ltr' id='par_1_1' title="bbox 378 742 1441 832">
     <span class='ocr_line' id='line_1_1' title="bbox 378 742 1441 832; baseline -0.003 -17"><span class='ocrx_word' id='word_1_1' title='bbox 378 754 442 819; x_wconf 79' lang='lat'>496</span> <span class='ocrx_word' id='word_1_2' title='bbox 711 766 891 817; x_wconf 78' lang='lat' dir='ltr'>unneom</span> <span class='ocrx_word' id='word_1_3' title='bbox 913 765 937 816; x_wconf 88' lang='lat' dir='ltr'>s.</span> <span class='ocrx_word' id='word_1_4' title='bbox 961 764 1099 826; x_wconf 73' lang='lat' dir='ltr'>moun,</span> <span class='ocrx_word' id='word_1_5' title='bbox 1283 742 1368 832; x_wconf 80' lang='lat' dir='ltr'>[un.</span> <span class='ocrx_word' id='word_1_6' title='bbox 1387 762 1441 813; x_wconf 89' lang='lat' dir='ltr'>v1.</span> 
     </span>
    </p>
   </div>
   <div class='ocr_carea' id='block_1_2' title="bbox 423 986 1396 1077">
    <p class='ocr_par' dir='ltr' id='par_1_2' title="bbox 423 986 1396 1077">
     <span class='ocr_line' id='line_1_2' title="bbox 423 986 1396 1077; baseline 0 -22"><span class='ocrx_word' id='word_1_7' title='bbox 423 990 502 1073; x_wconf 78' lang='grc'>(99.)</span> <span class='ocrx_word' id='word_1_8' title='bbox 534 988 581 1054; x_wconf 86' lang='lat' dir='ltr'>De</span> <span class='ocrx_word' id='word_1_9' title='bbox 597 988 720 1073; x_wconf 77' lang='lat' dir='ltr'>jruruc</span> <span class='ocrx_word' id='word_1_10' title='bbox 742 988 840 1074; x_wconf 72' lang='lat' dir='ltr'>cuj-us</span> <span class='ocrx_word' id='word_1_11' title='bbox 861 988 1024 1057; x_wconf 71' lang='lat' dir='ltr'>rimor-ibus</span> <span class='ocrx_word' id='word_1_12' title='bbox 1039 988 1218 1077; x_wconf 65' lang='lat' dir='ltr'>stupere-sm</span> <span class='ocrx_word' id='word_1_13' title='bbox 1239 986 1396 1055; x_wconf 73' lang='lat' dir='ltr'>‹tdbccsit</span> 
     </span>
    </p>
   </div>
   <div class='ocr_carea' id='block_1_3' title="bbox 132 1144 1439 2363">
    <p class='ocr_par' dir='ltr' id='par_1_3' title="bbox 132 1144 1439 2363">
     <span class='ocr_line' id='line_1_3' title="bbox 211 1144 1439 1232; baseline -0.002 -21"><span class='ocrx_word' id='word_1_14' title='bbox 211 1148 349 1227; x_wconf 71' lang='lat' dir='ltr'>Roberrof</span> <span class='ocrx_word' id='word_1_15' title='bbox 422 1146 573 1232; x_wconf 82' lang='lat' dir='ltr'>Contigit</span> <span class='ocrx_word' id='word_1_16' title='bbox 595 1146 631 1211; x_wconf 91' lang='lat' dir='ltr'>in</span> <span class='ocrx_word' id='word_1_17' title='bbox 654 1145 735 1212; x_wconf 84' lang='lat' dir='ltr'>villa</span> <span class='ocrx_word' id='word_1_18' title='bbox 757 1170 830 1232; x_wconf 75' lang='lat' dir='ltr'>qua</span> <span class='ocrx_word' id='word_1_19' title='bbox 862 1152 999 1215; x_wconf 89' lang='lat' dir='ltr'>vocatur</span> <span class='ocrx_word' id='word_1_20' title='bbox 1031 1144 1210 1232; x_wconf 69' lang='lat' dir='ltr'>migovillc</span> <span class='ocrx_word' id='word_1_21' title='bbox 1231 1166 1297 1231; x_wconf 92' lang='lat' dir='ltr'>quo</span> <span class='ocrx_word' id='word_1_22' title='bbox 1322 1144 1439 1211; x_wconf 89' lang='lat' dir='ltr'>Neus-</span> 
     </span>
     <span class='ocr_line' id='line_1_4' title="bbox 207 1215 1437 1335; baseline -0.002 -22"><span class='ocrx_word' id='word_1_23' title='bbox 207 1215 355 1332; x_wconf 46' lang='lat' dir='ltr'>ffffiim&#39;</span> <span class='ocrx_word' id='word_1_24' title='bbox 378 1248 443 1316; x_wconf 90' lang='lat' dir='ltr'>tria</span> <span class='ocrx_word' id='word_1_25' title='bbox 466 1256 660 1335; x_wconf 68' lang='lat' dir='ltr'>provocetur</span> <span class='ocrx_word' id='word_1_26' title='bbox 682 1250 726 1315; x_wconf 89' lang='lat' dir='ltr'>ad</span> <span class='ocrx_word' id='word_1_27' title='bbox 749 1251 878 1316; x_wconf 89' lang='lat' dir='ltr'>bonum.</span> <span class='ocrx_word' id='word_1_28' title='bbox 926 1251 1016 1317; x_wconf 90' lang='lat' dir='ltr'>Nam</span> <span class='ocrx_word' id='word_1_29' title='bbox 1034 1249 1154 1335; x_wconf 89' lang='lat' dir='ltr'>juveni</span> <span class='ocrx_word' id='word_1_30' title='bbox 1177 1248 1322 1315; x_wconf 84' lang='lat' dir='ltr'>Roberto</span> <span class='ocrx_word' id='word_1_31' title='bbox 1346 1269 1437 1313; x_wconf 86' lang='lat' dir='ltr'>mes-</span> 
     </span>
     <span class='ocr_line' id='line_1_5' title="bbox 208 1348 1439 1464; baseline -0.001 -47"><span class='ocrx_word' id='word_1_32' title='bbox 208 1350 310 1464; x_wconf 45' lang='lat' dir='ltr'>dimi*</span> <span class='ocrx_word' id='word_1_33' title='bbox 321 1348 360 1399; x_wconf 82' lang='lat' dir='ltr'>for</span> <span class='ocrx_word' id='word_1_34' title='bbox 376 1373 444 1417; x_wconf 85' lang='lat' dir='ltr'>sem</span> <span class='ocrx_word' id='word_1_35' title='bbox 483 1352 664 1439; x_wconf 79' lang='lat' dir='ltr'>flagellanti</span> <span class='ocrx_word' id='word_1_36' title='bbox 702 1353 868 1439; x_wconf 80' lang='lat' dir='ltr'>flagellum</span> <span class='ocrx_word' id='word_1_37' title='bbox 907 1353 1060 1419; x_wconf 89' lang='lat' dir='ltr'>manibus</span> <span class='ocrx_word' id='word_1_38' title='bbox 1097 1351 1246 1429; x_wconf 84' lang='lat' dir='ltr'>adhaesit,</span> <span class='ocrx_word' id='word_1_39' title='bbox 1277 1356 1381 1436; x_wconf 87' lang='lat' dir='ltr'>atque</span> <span class='ocrx_word' id='word_1_40' title='bbox 1415 1371 1439 1416; x_wconf 87' lang='lat' dir='ltr'>a</span> 
     </span>
     <span class='ocr_line' id='line_1_6' title="bbox 209 1430 1438 1541; baseline -0.002 -22"><span class='ocrx_word' id='word_1_41' title='bbox 209 1430 339 1532; x_wconf 55' lang='lat' dir='ltr'>opegpmg</span> <span class='ocrx_word' id='word_1_42' title='bbox 377 1476 473 1521; x_wconf 80' lang='lat' dir='ltr'>urano</span> <span class='ocrx_word' id='word_1_43' title='bbox 495 1477 598 1539; x_wconf 86' lang='lat' dir='ltr'>usque</span> <span class='ocrx_word' id='word_1_44' title='bbox 632 1457 675 1522; x_wconf 87' lang='lat' dir='ltr'>ad</span> <span class='ocrx_word' id='word_1_45' title='bbox 708 1477 878 1541; x_wconf 81' lang='lat' dir='ltr'>vespomm</span> <span class='ocrx_word' id='word_1_46' title='bbox 909 1456 975 1521; x_wconf 91' lang='lat' dir='ltr'>diei</span> <span class='ocrx_word' id='word_1_47' title='bbox 998 1454 1113 1521; x_wconf 88' lang='lat' dir='ltr'>multis</span> <span class='ocrx_word' id='word_1_48' title='bbox 1135 1456 1308 1539; x_wconf 85' lang='lat' dir='ltr'>utriusque</span> <span class='ocrx_word' id='word_1_49' title='bbox 1331 1475 1438 1519; x_wconf 85' lang='lat' dir='ltr'>sexus</span> 
     </span>
     <span class='ocr_line' id='line_1_7' title="bbox 209 1547 1438 1663; baseline 0 -42"><span class='ocrx_word' id='word_1_50' title='bbox 209 1547 342 1663; x_wconf 50' lang='grc' dir='ltr'>ξξωῗξὴ</span> <span class='ocrx_word' id='word_1_51' title='bbox 375 1558 596 1641; x_wconf 89' lang='lat' dir='ltr'>spectacuhun</span> <span class='ocrx_word' id='word_1_52' title='bbox 619 1558 692 1634; x_wconf 88' lang='lat' dir='ltr'>suit,</span> <span class='ocrx_word' id='word_1_53' title='bbox 709 1558 788 1642; x_wconf 87' lang='lat' dir='ltr'>quia</span> <span class='ocrx_word' id='word_1_54' title='bbox 809 1564 941 1644; x_wconf 90' lang='lat' dir='ltr'>tempus</span> <span class='ocrx_word' id='word_1_55' title='bbox 963 1558 1055 1644; x_wconf 90' lang='lat' dir='ltr'>operi</span> <span class='ocrx_word' id='word_1_56' title='bbox 1077 1580 1137 1624; x_wconf 86' lang='lat' dir='ltr'>suo</span> <span class='ocrx_word' id='word_1_57' title='bbox 1158 1579 1341 1644; x_wconf 78' lang='lat' dir='ltr'>congruum</span> <span class='ocrx_word' id='word_1_58' title='bbox 1364 1578 1438 1623; x_wconf 86' lang='lat' dir='ltr'>non</span> 
     </span>
     <span class='ocr_line' id='line_1_8' title="bbox 209 1631 1434 1747; baseline 0.001 -25"><span class='ocrx_word' id='word_1_59' title='bbox 209 1631 334 1743; x_wconf 69' lang='lat' dir='ltr'>,uitus</span> <span class='ocrx_word' id='word_1_60' title='bbox 375 1659 579 1737; x_wconf 84' lang='lat' dir='ltr'>observabat,</span> <span class='ocrx_word' id='word_1_61' title='bbox 603 1664 638 1723; x_wconf 91' lang='lat' dir='ltr'>et</span> <span class='ocrx_word' id='word_1_62' title='bbox 660 1659 765 1727; x_wconf 86' lang='lat' dir='ltr'>natali</span> <span class='ocrx_word' id='word_1_63' title='bbox 789 1662 945 1747; x_wconf 82' lang='lat' dir='ltr'>martyris</span> <span class='ocrx_word' id='word_1_64' title='bbox 968 1661 1103 1727; x_wconf 83' lang='lat' dir='ltr'>Thomas</span> <span class='ocrx_word' id='word_1_65' title='bbox 1126 1661 1236 1725; x_wconf 90' lang='lat' dir='ltr'>minus</span> <span class='ocrx_word' id='word_1_66' title='bbox 1251 1658 1434 1725; x_wconf 85' lang='lat' dir='ltr'>deferebat.</span> 
     </span>
     <span class='ocr_line' id='line_1_9' title="bbox 208 1746 1435 1864; baseline -0.002 -37"><span class='ocrx_word' id='word_1_67' title='bbox 208 1746 348 1864; x_wconf 39' lang='lat' dir='ltr'>ffliffi&#39;jok.</span> <span class='ocrx_word' id='word_1_68' title='bbox 377 1760 475 1829; x_wconf 91' lang='lat' dir='ltr'>Undo</span> <span class='ocrx_word' id='word_1_69' title='bbox 506 1766 547 1827; x_wconf 93' lang='lat' dir='ltr'>ut</span> <span class='ocrx_word' id='word_1_70' title='bbox 568 1762 766 1829; x_wconf 82' lang='lat' dir='ltr'>venerabilis</span> <span class='ocrx_word' id='word_1_71' title='bbox 798 1769 833 1829; x_wconf 91' lang='lat' dir='ltr'>et</span> <span class='ocrx_word' id='word_1_72' title='bbox 865 1785 958 1831; x_wconf 88' lang='lat' dir='ltr'>saera</span> <span class='ocrx_word' id='word_1_73' title='bbox 991 1764 1158 1831; x_wconf 68' lang='lat' dir='ltr'><strong>festivitas</strong></span> <span class='ocrx_word' id='word_1_74' title='bbox 1181 1766 1435 1839; x_wconf 78' lang='lat' dir='ltr'>monstraretur,</span> 
     </span>
     <span class='ocr_line' id='line_1_10' title="bbox 132 1864 1436 1952; baseline -0.001 -23"><span class='ocrx_word' id='word_1_75' title='bbox 132 1884 136 1891; x_wconf 87' lang='lat'>·</span> <span class='ocrx_word' id='word_1_76' title='bbox 210 1880 342 1945; x_wconf 70' lang='lat' dir='ltr'>ingentis</span> <span class='ocrx_word' id='word_1_77' title='bbox 377 1884 443 1928; x_wconf 88' lang='lat' dir='ltr'>non</span> <span class='ocrx_word' id='word_1_78' title='bbox 466 1864 535 1949; x_wconf 89' lang='lat' dir='ltr'>ipse</span> <span class='ocrx_word' id='word_1_79' title='bbox 558 1870 688 1949; x_wconf 84' lang='lat' dir='ltr'>poterat</span> <span class='ocrx_word' id='word_1_80' title='bbox 710 1865 794 1930; x_wconf 90' lang='lat' dir='ltr'>illud</span> <span class='ocrx_word' id='word_1_81' title='bbox 816 1888 837 1933; x_wconf 90' lang='lat' dir='ltr'>a</span> <span class='ocrx_word' id='word_1_82' title='bbox 860 1889 895 1932; x_wconf 90' lang='lat' dir='ltr'>so</span> <span class='ocrx_word' id='word_1_83' title='bbox 917 1867 1059 1952; x_wconf 86' lang='lat' dir='ltr'>rejicere,</span> <span class='ocrx_word' id='word_1_84' title='bbox 1082 1888 1150 1932; x_wconf 88' lang='lat' dir='ltr'>nou</span> <span class='ocrx_word' id='word_1_85' title='bbox 1182 1866 1335 1932; x_wconf 89' lang='lat' dir='ltr'>dominus</span> <span class='ocrx_word' id='word_1_86' title='bbox 1359 1864 1436 1949; x_wconf 86' lang='lat' dir='ltr'>ejus</span> 
     </span>
     <span class='ocr_line' id='line_1_11' title="bbox 210 1946 1435 2077; baseline -0.002 -44"><span class='ocrx_word' id='word_1_87' title='bbox 210 1946 303 2077; x_wconf 52' lang='lat' dir='ltr'>ffifl</span> <span class='ocrx_word' id='word_1_88' title='bbox 376 1989 398 2033; x_wconf 90' lang='lat' dir='ltr'>a</span> <span class='ocrx_word' id='word_1_89' title='bbox 429 1968 580 2033; x_wconf 87' lang='lat' dir='ltr'>manibus</span> <span class='ocrx_word' id='word_1_90' title='bbox 614 1990 772 2035; x_wconf 87' lang='lat' dir='ltr'>amovere.</span> <span class='ocrx_word' id='word_1_91' title='bbox 821 1970 887 2050; x_wconf 82' lang='lat' dir='ltr'>Qui</span> <span class='ocrx_word' id='word_1_92' title='bbox 921 1992 997 2036; x_wconf 86' lang='lat' dir='ltr'>cum</span> <span class='ocrx_word' id='word_1_93' title='bbox 1031 1975 1310 2057; x_wconf 47' lang='lat' dir='ltr'>compungeretur,</span> <span class='ocrx_word' id='word_1_94' title='bbox 1340 1968 1435 2053; x_wconf 91' lang='lat' dir='ltr'>quod</span> 
     </span>
     <span class='ocr_line' id='line_1_12' title="bbox 209 2070 1435 2158; baseline -0.002 -21"><span class='ocrx_word' id='word_1_95' title='bbox 209 2094 324 2143; x_wconf 59' lang='lat' dir='ltr'>musices</span> <span class='ocrx_word' id='word_1_96' title='bbox 377 2070 420 2137; x_wconf 85' lang='lat' dir='ltr'>ad</span> <span class='ocrx_word' id='word_1_97' title='bbox 443 2092 524 2156; x_wconf 87' lang='lat' dir='ltr'>opus</span> <span class='ocrx_word' id='word_1_98' title='bbox 548 2093 622 2135; x_wconf 91' lang='lat' dir='ltr'>eum</span> <span class='ocrx_word' id='word_1_99' title='bbox 647 2071 760 2138; x_wconf 87' lang='lat' dir='ltr'>illicite</span> <span class='ocrx_word' id='word_1_100' title='bbox 783 2074 1001 2158; x_wconf 74' lang='lat' dir='ltr'><strong>compulisset,</strong></span> <span class='ocrx_word' id='word_1_101' title='bbox 1025 2079 1213 2139; x_wconf 82' lang='lat' dir='ltr'>etecusam</span> <span class='ocrx_word' id='word_1_102' title='bbox 1243 2070 1350 2156; x_wconf 73' lang='lat' dir='ltr'>culpas</span> <span class='ocrx_word' id='word_1_103' title='bbox 1375 2071 1435 2135; x_wconf 93' lang='lat' dir='ltr'>de-</span> 
     </span>
     <span class='ocr_line' id='line_1_13' title="bbox 183 2160 1433 2275; baseline 0.002 -40"><span class='ocrx_word' id='word_1_104' title='bbox 183 2160 358 2275; x_wconf 50' lang='lat' dir='ltr'>ffit’hss&#39;</span> <span class='ocrx_word' id='word_1_105' title='bbox 378 2172 488 2249; x_wconf 85' lang='lat' dir='ltr'>disset,</span> <span class='ocrx_word' id='word_1_106' title='bbox 513 2194 635 2239; x_wconf 86' lang='lat' dir='ltr'>vovens</span> <span class='ocrx_word' id='word_1_107' title='bbox 667 2196 701 2238; x_wconf 90' lang='lat' dir='ltr'>se</span> <span class='ocrx_word' id='word_1_108' title='bbox 736 2174 853 2239; x_wconf 84' lang='lat' dir='ltr'>limina</span> <span class='ocrx_word' id='word_1_109' title='bbox 882 2177 1038 2260; x_wconf 86' lang='lat' dir='ltr'>martyris</span> <span class='ocrx_word' id='word_1_110' title='bbox 1076 2176 1292 2241; x_wconf 81' lang='lat' dir='ltr'>visitaturum</span> <span class='ocrx_word' id='word_1_111' title='bbox 1329 2194 1433 2257; x_wconf 83' lang='lat' dir='ltr'>quern</span> 
     </span>
     <span class='ocr_line' id='line_1_14' title="bbox 211 2274 1432 2363; baseline 0.002 -24"><span class='ocrx_word' id='word_1_112' title='bbox 211 2294 294 2344; x_wconf 62' lang='lat' dir='ltr'>versu.</span> <span class='ocrx_word' id='word_1_113' title='bbox 378 2274 565 2352; x_wconf 84' lang='lat' dir='ltr'>offenderat,</span> <span class='ocrx_word' id='word_1_114' title='bbox 582 2281 617 2340; x_wconf 88' lang='lat' dir='ltr'>et</span> <span class='ocrx_word' id='word_1_115' title='bbox 639 2276 837 2344; x_wconf 83' lang='lat' dir='ltr'>servientem</span> <span class='ocrx_word' id='word_1_116' title='bbox 853 2277 1080 2343; x_wconf 80' lang='lat' dir='ltr'>exhibiturum</span> <span class='ocrx_word' id='word_1_117' title='bbox 1104 2278 1140 2343; x_wconf 88' lang='lat' dir='ltr'>in</span> <span class='ocrx_word' id='word_1_118' title='bbox 1157 2299 1223 2363; x_wconf 88' lang='lat' dir='ltr'>quo</span> <span class='ocrx_word' id='word_1_119' title='bbox 1238 2274 1432 2351; x_wconf 87' lang='lat' dir='ltr'>offenderat,</span> 
     </span>
    </p>
   </div>
   <div class='ocr_carea' id='block_1_4' title="bbox 378 2377 757 2465">
    <p class='ocr_par' dir='ltr' id='par_1_4' title="bbox 378 2377 757 2465">
     <span class='ocr_line' id='line_1_15' title="bbox 378 2377 757 2465; baseline 0 -20"><span class='ocrx_word' id='word_1_120' title='bbox 378 2377 507 2445; x_wconf 84' lang='lat' dir='ltr'>salvum</span> <span class='ocrx_word' id='word_1_121' title='bbox 529 2400 605 2445; x_wconf 87' lang='lat' dir='ltr'>cum</span> <span class='ocrx_word' id='word_1_122' title='bbox 628 2380 757 2465; x_wconf 87' lang='lat' dir='ltr'>recepit.</span> 
     </span>
    </p>
   </div>
   <div class='ocr_carea' id='block_1_5' title="bbox 552 2615 1254 2704">
    <p class='ocr_par' dir='ltr' id='par_1_5' title="bbox 552 2615 1254 2704">
     <span class='ocr_line' id='line_1_16' title="bbox 552 2615 1254 2704; baseline 0.001 -23"><span class='ocrx_word' id='word_1_123' title='bbox 552 2618 654 2703; x_wconf 75' lang='lat' dir='ltr'>(lob)</span> <span class='ocrx_word' id='word_1_124' title='bbox 686 2616 733 2683; x_wconf 83' lang='lat' dir='ltr'>De</span> <span class='ocrx_word' id='word_1_125' title='bbox 756 2616 905 2704; x_wconf 68' lang='lat' dir='ltr'>quod-m</span> <span class='ocrx_word' id='word_1_126' title='bbox 928 2615 1093 2684; x_wconf 82' lang='lat' dir='ltr'>Pedio-nsi</span> <span class='ocrx_word' id='word_1_127' title='bbox 1115 2624 1254 2685; x_wconf 67' lang='lat' dir='ltr'>retortae.</span> 
     </span>
    </p>
   </div>
   <div class='ocr_carea' id='block_1_6' title="bbox 211 2774 1431 2968">
    <p class='ocr_par' dir='ltr' id='par_1_6' title="bbox 211 2774 1431 2968">
     <span class='ocr_line' id='line_1_17' title="bbox 211 2774 1431 2862; baseline 0.006 -29"><span class='ocrx_word' id='word_1_128' title='bbox 211 2782 307 2834; x_wconf 75' lang='lat' dir='ltr'>Aman</span> <span class='ocrx_word' id='word_1_129' title='bbox 317 2784 346 2834; x_wconf 84' lang='lat' dir='ltr'>of</span> <span class='ocrx_word' id='word_1_130' title='bbox 424 2774 600 2861; x_wconf 82' lang='lat' dir='ltr'>Aystorius</span> <span class='ocrx_word' id='word_1_131' title='bbox 623 2776 759 2861; x_wconf 88' lang='lat' dir='ltr'>quidam</span> <span class='ocrx_word' id='word_1_132' title='bbox 782 2776 822 2842; x_wconf 84' lang='lat' dir='ltr'>de</span> <span class='ocrx_word' id='word_1_133' title='bbox 846 2776 947 2842; x_wconf 91' lang='lat' dir='ltr'>Podio</span> <span class='ocrx_word' id='word_1_134' title='bbox 978 2799 1036 2862; x_wconf 91' lang='lat' dir='ltr'>pro</span> <span class='ocrx_word' id='word_1_135' title='bbox 1066 2777 1212 2843; x_wconf 86' lang='lat' dir='ltr'>humana</span> <span class='ocrx_word' id='word_1_136' title='bbox 1241 2775 1431 2841; x_wconf 88' lang='lat' dir='ltr'>conditione</span> 
     </span>
     <span class='ocr_line' id='line_1_18' title="bbox 212 2851 1430 2968; baseline -0.003 -24"><span class='ocrx_word' id='word_1_137' title='bbox 212 2851 366 2968; x_wconf 55' lang='lat' dir='ltr'>fflffi</span> <span class='ocrx_word' id='word_1_138' title='bbox 379 2876 551 2944; x_wconf 72' lang='lat' dir='ltr'>decessisse</span> <span class='ocrx_word' id='word_1_139' title='bbox 574 2902 608 2943; x_wconf 86' lang='lat' dir='ltr'>se</span> <span class='ocrx_word' id='word_1_140' title='bbox 632 2879 833 2963; x_wconf 75' lang='lat' dir='ltr'>perhibebat,</span> <span class='ocrx_word' id='word_1_141' title='bbox 856 2879 913 2943; x_wconf 88' lang='lat' dir='ltr'>sed</span> <span class='ocrx_word' id='word_1_142' title='bbox 937 2900 994 2965; x_wconf 89' lang='lat' dir='ltr'>per</span> <span class='ocrx_word' id='word_1_143' title='bbox 1008 2883 1089 2945; x_wconf 86' lang='lat' dir='ltr'>vota</span> <span class='ocrx_word' id='word_1_144' title='bbox 1110 2884 1263 2944; x_wconf 85' lang='lat' dir='ltr'>notorum</span> <span class='ocrx_word' id='word_1_145' title='bbox 1285 2898 1430 2955; x_wconf 84' lang='lat' dir='ltr'>suorum,</span> 
     </span>
    </p>
   </div>
   <div class='ocr_carea' id='block_1_7' title="bbox 212 2980 1488 3886">
    <p class='ocr_par' dir='ltr' id='par_1_7' title="bbox 212 2980 1431 3065">
     <span class='ocr_line' id='line_1_19' title="bbox 212 2980 1431 3065; baseline 0.001 -23"><span class='ocrx_word' id='word_1_146' title='bbox 212 2984 294 3035; x_wconf 80' lang='lat' dir='ltr'>deam</span> <span class='ocrx_word' id='word_1_147' title='bbox 379 2986 558 3065; x_wconf 80' lang='lat' dir='ltr'>martyrem</span> <span class='ocrx_word' id='word_1_148' title='bbox 582 2980 741 3047; x_wconf 87' lang='lat' dir='ltr'>Thomam</span> <span class='ocrx_word' id='word_1_149' title='bbox 765 2981 999 3058; x_wconf 88' lang='lat' dir='ltr'>invocantium,</span> <span class='ocrx_word' id='word_1_150' title='bbox 1016 2980 1181 3045; x_wconf 81' lang='lat' dir='ltr'>revixisse.</span> <span class='ocrx_word' id='word_1_151' title='bbox 1228 2980 1431 3045; x_wconf 79' lang='lat' dir='ltr'>Audivimus</span> 
     </span>
    </p>

    <p class='ocr_par' dir='ltr' id='par_1_8' title="bbox 380 3080 1431 3169">
     <span class='ocr_line' id='line_1_20' title="bbox 380 3080 1431 3169; baseline -0.004 -20"><span class='ocrx_word' id='word_1_152' title='bbox 380 3082 423 3149; x_wconf 91' lang='lat' dir='ltr'>ab</span> <span class='ocrx_word' id='word_1_153' title='bbox 445 3106 484 3149; x_wconf 91' lang='lat' dir='ltr'>oo</span> <span class='ocrx_word' id='word_1_154' title='bbox 506 3104 572 3169; x_wconf 86' lang='lat' dir='ltr'>qua</span> <span class='ocrx_word' id='word_1_155' title='bbox 593 3083 787 3149; x_wconf 84' lang='lat' dir='ltr'>infirmitate</span> <span class='ocrx_word' id='word_1_156' title='bbox 810 3081 997 3157; x_wconf 72' lang='lat' dir='ltr'>laborasset,</span> <span class='ocrx_word' id='word_1_157' title='bbox 1020 3087 1123 3167; x_wconf 84' lang='lat' dir='ltr'>quota</span> <span class='ocrx_word' id='word_1_158' title='bbox 1145 3080 1351 3147; x_wconf 85' lang='lat' dir='ltr'>infirmitatis</span> <span class='ocrx_word' id='word_1_159' title='bbox 1373 3082 1431 3146; x_wconf 88' lang='lat' dir='ltr'>die</span> 
     </span>
    </p>

    <p class='ocr_par' dir='ltr' id='par_1_9' title="bbox 380 3186 1488 3272">
     <span class='ocr_line' id='line_1_21' title="bbox 380 3186 1488 3272; baseline -0.002 -20"><span class='ocrx_word' id='word_1_160' title='bbox 380 3191 415 3252; x_wconf 90' lang='lat' dir='ltr'>et</span> <span class='ocrx_word' id='word_1_161' title='bbox 445 3186 527 3253; x_wconf 92' lang='lat' dir='ltr'>hora</span> <span class='ocrx_word' id='word_1_162' title='bbox 560 3188 626 3252; x_wconf 89' lang='lat' dir='ltr'>diei</span> <span class='ocrx_word' id='word_1_163' title='bbox 658 3187 855 3263; x_wconf 74' lang='lat' dir='ltr'>decessisset,</span> <span class='ocrx_word' id='word_1_164' title='bbox 878 3190 1041 3271; x_wconf 68' lang='lat' dir='ltr'>elusatum</span> <span class='ocrx_word' id='word_1_165' title='bbox 1072 3191 1202 3272; x_wconf 88' lang='lat' dir='ltr'>tempus</span> <span class='ocrx_word' id='word_1_166' title='bbox 1233 3190 1371 3251; x_wconf 86' lang='lat' dir='ltr'>mortem</span> <span class='ocrx_word' id='word_1_167' title='bbox 1395 3192 1432 3250; x_wconf 89' lang='lat' dir='ltr'>et</span> <span class='ocrx_word' id='word_1_168' title='bbox 1484 3266 1488 3271; x_wconf 26' lang='grc' dir='ltr'>Ι</span> 
     </span>
    </p>

    <p class='ocr_par' dir='ltr' id='par_1_10' title="bbox 379 3287 1431 3357">
     <span class='ocr_line' id='line_1_22' title="bbox 379 3287 1431 3357; baseline 0 -4"><span class='ocrx_word' id='word_1_169' title='bbox 379 3290 460 3355; x_wconf 73' lang='lat' dir='ltr'>vitse</span> <span class='ocrx_word' id='word_1_170' title='bbox 484 3289 727 3357; x_wconf 86' lang='lat' dir='ltr'>restitutionem</span> <span class='ocrx_word' id='word_1_171' title='bbox 750 3288 992 3355; x_wconf 85' lang='lat' dir='ltr'>intercessisset.</span> <span class='ocrx_word' id='word_1_172' title='bbox 1051 3287 1249 3353; x_wconf 82' lang='lat' dir='ltr'>Praesentem</span> <span class='ocrx_word' id='word_1_173' title='bbox 1284 3288 1431 3353; x_wconf 88' lang='lat' dir='ltr'>vidimus</span> 
     </span>
    </p>

    <p class='ocr_par' dir='ltr' id='par_1_11' title="bbox 379 3391 1430 3478">
     <span class='ocr_line' id='line_1_23' title="bbox 379 3391 1430 3478; baseline -0.003 -21"><span class='ocrx_word' id='word_1_174' title='bbox 379 3392 514 3459; x_wconf 87' lang='lat' dir='ltr'>fratrem</span> <span class='ocrx_word' id='word_1_175' title='bbox 538 3394 617 3478; x_wconf 82' lang='lat' dir='ltr'>ejus,</span> <span class='ocrx_word' id='word_1_176' title='bbox 633 3393 690 3477; x_wconf 86' lang='lat' dir='ltr'>qui</span> <span class='ocrx_word' id='word_1_177' title='bbox 714 3391 875 3458; x_wconf 72' lang='lat' dir='ltr'>clauserat</span> <span class='ocrx_word' id='word_1_178' title='bbox 896 3392 927 3456; x_wconf 91' lang='lat' dir='ltr'>ei</span> <span class='ocrx_word' id='word_1_179' title='bbox 949 3414 985 3457; x_wconf 88' lang='lat' dir='ltr'>os</span> <span class='ocrx_word' id='word_1_180' title='bbox 1008 3396 1043 3455; x_wconf 93' lang='lat' dir='ltr'>et</span> <span class='ocrx_word' id='word_1_181' title='bbox 1064 3392 1174 3459; x_wconf 88' lang='lat' dir='ltr'>oculos</span> <span class='ocrx_word' id='word_1_182' title='bbox 1186 3416 1194 3471; x_wconf 92' lang='lat'>;</span> <span class='ocrx_word' id='word_1_183' title='bbox 1216 3392 1430 3458; x_wconf 84' lang='lat' dir='ltr'>examinatis-</span> 
     </span>
    </p>

    <p class='ocr_par' dir='ltr' id='par_1_12' title="bbox 381 3494 1430 3580">
     <span class='ocr_line' id='line_1_24' title="bbox 381 3494 1430 3580; baseline 0 -23"><span class='ocrx_word' id='word_1_184' title='bbox 381 3517 444 3580; x_wconf 88' lang='lat' dir='ltr'>que</span> <span class='ocrx_word' id='word_1_185' title='bbox 467 3496 616 3571; x_wconf 87' lang='lat' dir='ltr'>testibus,</span> <span class='ocrx_word' id='word_1_186' title='bbox 640 3516 721 3579; x_wconf 87' lang='lat' dir='ltr'>quos</span> <span class='ocrx_word' id='word_1_187' title='bbox 744 3495 853 3578; x_wconf 83' lang='lat' dir='ltr'>plures</span> <span class='ocrx_word' id='word_1_188' title='bbox 883 3494 1094 3579; x_wconf 78' lang='lat' dir='ltr'>producebat,</span> <span class='ocrx_word' id='word_1_189' title='bbox 1117 3500 1216 3579; x_wconf 89' lang='lat' dir='ltr'>prout</span> <span class='ocrx_word' id='word_1_190' title='bbox 1245 3494 1430 3560; x_wconf 86' lang='lat' dir='ltr'>examinari</span> 
     </span>
    </p>

    <p class='ocr_par' dir='ltr' id='par_1_13' title="bbox 335 3588 1431 3683">
     <span class='ocr_line' id='line_1_25' title="bbox 335 3588 1431 3683; baseline -0.002 -22"><span class='ocrx_word' id='word_1_191' title='bbox 335 3588 338 3593; x_wconf 61' lang='grc'>’</span> <span class='ocrx_word' id='word_1_192' title='bbox 381 3601 560 3681; x_wconf 89' lang='lat' dir='ltr'>potuerunt</span> <span class='ocrx_word' id='word_1_193' title='bbox 594 3618 635 3661; x_wconf 85' lang='lat' dir='ltr'>ex</span> <span class='ocrx_word' id='word_1_194' title='bbox 668 3595 847 3682; x_wconf 78' lang='lat' dir='ltr'>longinqua</span> <span class='ocrx_word' id='word_1_195' title='bbox 884 3596 1154 3683; x_wconf 64' lang='lat' dir='ltr'>peregrinatione,</span> <span class='ocrx_word' id='word_1_196' title='bbox 1187 3616 1229 3661; x_wconf 84' lang='lat' dir='ltr'>ex</span> <span class='ocrx_word' id='word_1_197' title='bbox 1266 3596 1431 3663; x_wconf 89' lang='lat' dir='ltr'>dictorum</span> 
     </span>
    </p>

    <p class='ocr_par' dir='ltr' id='par_1_14' title="bbox 381 3698 1432 3886">
     <span class='ocr_line' id='line_1_26' title="bbox 381 3698 1432 3786; baseline -0.002 -21"><span class='ocrx_word' id='word_1_198' title='bbox 381 3700 652 3786; x_wconf 80' lang='lat' dir='ltr'>comprobatione,</span> <span class='ocrx_word' id='word_1_199' title='bbox 676 3721 718 3765; x_wconf 83' lang='lat' dir='ltr'>ex</span> <span class='ocrx_word' id='word_1_200' title='bbox 741 3698 914 3764; x_wconf 86' lang='lat' dir='ltr'>dovotione</span> <span class='ocrx_word' id='word_1_201' title='bbox 945 3704 980 3763; x_wconf 92' lang='lat' dir='ltr'>et</span> <span class='ocrx_word' id='word_1_202' title='bbox 1009 3698 1190 3785; x_wconf 78' lang='lat' dir='ltr'>gratiarum</span> <span class='ocrx_word' id='word_1_203' title='bbox 1220 3698 1356 3775; x_wconf 83' lang='lat' dir='ltr'>actione,</span> <span class='ocrx_word' id='word_1_204' title='bbox 1380 3720 1432 3763; x_wconf 83' lang='lat' dir='ltr'>re·</span> 
     </span>
     <span class='ocr_line' id='line_1_27' title="bbox 382 3802 999 3886; baseline 0 -19"><span class='ocrx_word' id='word_1_205' title='bbox 382 3808 565 3873; x_wconf 83' lang='lat' dir='ltr'>vertentem</span> <span class='ocrx_word' id='word_1_206' title='bbox 590 3802 774 3869; x_wconf 83' lang='lat' dir='ltr'>dimisimus</span> <span class='ocrx_word' id='word_1_207' title='bbox 796 3802 839 3868; x_wconf 85' lang='lat' dir='ltr'>ad</span> <span class='ocrx_word' id='word_1_208' title='bbox 863 3802 999 3886; x_wconf 83' lang='lat' dir='ltr'>propria.</span> 
     </span>
    </p>
   </div>
   <div class='ocr_carea' id='block_1_8' title="bbox 430 4022 1385 4193">
    <p class='ocr_par' dir='ltr' id='par_1_15' title="bbox 430 4022 1385 4193">
     <span class='ocr_line' id='line_1_28' title="bbox 430 4022 1385 4113; baseline 0 -21"><span class='ocrx_word' id='word_1_209' title='bbox 430 4030 532 4113; x_wconf 84' lang='lat'>(101.)</span> <span class='ocrx_word' id='word_1_210' title='bbox 568 4026 611 4091; x_wconf 83' lang='lat' dir='ltr'>De</span> <span class='ocrx_word' id='word_1_211' title='bbox 634 4026 760 4092; x_wconf 66' lang='lat' dir='ltr'>stiedieo</span> <span class='ocrx_word' id='word_1_212' title='bbox 783 4024 839 4090; x_wconf 79' lang='grc' dir='ltr'>0οἱ</span> <span class='ocrx_word' id='word_1_213' title='bbox 859 4024 954 4109; x_wconf 85' lang='lat' dir='ltr'>potio</span> <span class='ocrx_word' id='word_1_214' title='bbox 978 4024 1123 4092; x_wconf 65' lang='lat' dir='ltr'>toxicatu-</span> <span class='ocrx_word' id='word_1_215' title='bbox 1146 4026 1230 4093; x_wconf 75' lang='lat' dir='ltr'>doto</span> <span class='ocrx_word' id='word_1_216' title='bbox 1247 4025 1320 4112; x_wconf 78' lang='lat' dir='ltr'>suit</span> <span class='ocrx_word' id='word_1_217' title='bbox 1344 4022 1385 4093; x_wconf 80' lang='lat' dir='ltr'>ub</span> 
     </span>
     <span class='ocr_line' id='line_1_29' title="bbox 793 4126 1019 4193; baseline 0 -2"><span class='ocrx_word' id='word_1_218' title='bbox 793 4128 864 4192; x_wconf 84' lang='lat' dir='ltr'>‹dio</span> <span class='ocrx_word' id='word_1_219' title='bbox 886 4126 1019 4193; x_wconf 69' lang='grc'><strong>0001100.</strong></span> 
     </span>
    </p>
   </div>
   <div class='ocr_carea' id='block_1_9' title="bbox 214 4260 1432 4681">
    <p class='ocr_par' dir='ltr' id='par_1_16' title="bbox 214 4260 1432 4681">
     <span class='ocr_line' id='line_1_30' title="bbox 214 4260 1432 4347; baseline -0.007 -14"><span class='ocrx_word' id='word_1_220' title='bbox 214 4278 345 4347; x_wconf 68' lang='lat' dir='ltr'>lreeouey</span> <span class='ocrx_word' id='word_1_221' title='bbox 429 4262 743 4329; x_wconf 74' lang='lat' dir='ltr'>mlerna1·oc11ida111</span> <span class='ocrx_word' id='word_1_222' title='bbox 767 4260 893 4326; x_wconf 88' lang='lat' dir='ltr'>medico</span> <span class='ocrx_word' id='word_1_223' title='bbox 915 4261 956 4325; x_wconf 90' lang='lat' dir='ltr'>de</span> <span class='ocrx_word' id='word_1_224' title='bbox 980 4262 1144 4327; x_wconf 84' lang='lat' dir='ltr'>territorio</span> <span class='ocrx_word' id='word_1_225' title='bbox 1175 4262 1432 4347; x_wconf 82' lang='lat' dir='ltr'>Petragorioensi</span> 
     </span>
     <span class='ocr_line' id='line_1_31' title="bbox 215 4350 1431 4466; baseline -0.001 -35"><span class='ocrx_word' id='word_1_226' title='bbox 215 4350 362 4466; x_wconf 60' lang='lat' dir='ltr'>iiidi&#39;iino</span> <span class='ocrx_word' id='word_1_227' title='bbox 383 4366 585 4433; x_wconf 83' lang='lat' dir='ltr'>febricitanti</span> <span class='ocrx_word' id='word_1_228' title='bbox 621 4364 766 4431; x_wconf 83' lang='lat' dir='ltr'>medicus</span> <span class='ocrx_word' id='word_1_229' title='bbox 804 4363 889 4429; x_wconf 85' lang='lat' dir='ltr'>alius</span> <span class='ocrx_word' id='word_1_230' title='bbox 927 4364 1095 4429; x_wconf 86' lang='lat' dir='ltr'>occasione</span> <span class='ocrx_word' id='word_1_231' title='bbox 1133 4363 1211 4429; x_wconf 81' lang='lat' dir='ltr'>oxi.l</span> <span class='ocrx_word' id='word_1_232' title='bbox 1249 4365 1431 4431; x_wconf 79' lang='lat' dir='ltr'>toxicatam</span> 
     </span>
     <span class='ocr_line' id='line_1_32' title="bbox 215 4466 1432 4561; baseline 0.002 -31"><span class='ocrx_word' id='word_1_233' title='bbox 215 4482 342 4561; x_wconf 69' lang='lat' dir='ltr'>laomen</span> <span class='ocrx_word' id='word_1_234' title='bbox 384 4471 550 4558; x_wconf 89' lang='lat' dir='ltr'>potionem</span> <span class='ocrx_word' id='word_1_235' title='bbox 584 4467 683 4543; x_wconf 88' lang='lat' dir='ltr'>dedit,</span> <span class='ocrx_word' id='word_1_236' title='bbox 718 4466 811 4553; x_wconf 74' lang='lat' dir='ltr'>quia·</span> <span class='ocrx_word' id='word_1_237' title='bbox 828 4467 858 4531; x_wconf 90' lang='lat' dir='ltr'>ei</span> <span class='ocrx_word' id='word_1_238' title='bbox 892 4466 1021 4531; x_wconf 86' lang='lat' dir='ltr'>invidit.</span> <span class='ocrx_word' id='word_1_239' title='bbox 1070 4466 1130 4531; x_wconf 90' lang='grc'><strong>1110</strong></span> <span class='ocrx_word' id='word_1_240' title='bbox 1163 4487 1255 4532; x_wconf 84' lang='lat' dir='ltr'>susm</span> <span class='ocrx_word' id='word_1_241' title='bbox 1287 4469 1432 4535; x_wconf 86' lang='lat' dir='ltr'>sentiens</span> 
     </span>
     <span class='ocr_line' id='line_1_33' title="bbox 214 4551 357 4681; baseline 0.021 -18"><span class='ocrx_word' id='word_1_242' title='bbox 214 4551 357 4681; x_wconf 48' lang='grc' dir='ltr'>131ἱο111</span> 
     </span>
    </p>
   </div>
   <div class='ocr_carea' id='block_1_10' title="bbox 880 4664 968 4715">
    <p class='ocr_par' dir='ltr' id='par_1_17' title="bbox 880 4664 968 4715">
     <span class='ocr_line' id='line_1_34' title="bbox 880 4664 968 4715; baseline 0 0"><span class='ocrx_word' id='word_1_243' title='bbox 880 4664 968 4715; x_wconf 74' lang='lat'>¹?-</span> 
     </span>
    </p>
   </div>
   <div class='ocr_carea' id='block_1_11' title="bbox 0 0 1667 6240">
    <p class='ocr_par' dir='ltr' id='par_1_18' title="bbox 0 0 1667 6240">
     <span class='ocr_line' id='line_1_35' title="bbox 0 0 1667 6240; baseline 0 0"><span class='ocrx_word' id='word_1_244' title='bbox 0 0 1667 6240; x_wconf 95' lang='lat' dir='ltr'> </span> 
     </span>
    </p>
   </div>
  </div>
 </body>
</html>
