3316 6240
372 740 437 803 502
703 752 885 804 umloum
907 752 935 803 s.
957 754 1097 818 rnonn,
1287 738 1367 823 [nm.
1384 755 1437 804 vr.

378 971 479 1059 (109.)
503 973 551 1041 De
564 974 674 1041 nobiti
689 975 751 1063 qai
772 975 892 1044 aleam
909 999 1012 1044 saera
1026 974 1194 1044 ansteum
1207 976 1430 1064 recuperavit.

208 1139 327 1191 Theloro
419 1130 551 1196 Nobilis
573 1132 708 1216 quidam
740 1132 951 1211 Piotavensis,
974 1133 1146 1198 acostello
1171 1132 1351 1200 Parthenai
1374 1135 1435 1203 de·

207 1205 351 1335 ffflffhsp
378 1231 575 1311 nominatua
607 1233 701 1318 cujus
734 1234 885 1298 dominus
919 1238 978 1310 est,
1008 1234 1118 1299 nisum
1158 1234 1201 1300 ad
1234 1234 1381 1320 praedam
1412 1255 1436 1301 c

208 1336 310 1396 Poiau,
375 1354 477 1400 manu
500 1355 561 1400 sua
583 1334 717 1411 dimisit,
740 1340 776 1400 ot
797 1335 916 1400 amisit.
963 1334 1169 1401 Transeunte
1192 1336 1245 1400 dio
1268 1336 1333 1413 illo,
1351 1336 1435 1421 quia

207 1418 342 1521 ffiffi,
377 1437 602 1505 delectabatur
623 1437 784 1523 aucupio,1
808 1459 866 1522 pro
888 1459 923 1502 re
946 1442 1084 1503 moestus
1106 1444 1141 1504 et
1167 1439 1326 1505 sollicitus
1349 1444 1432 1518 orat,

378 1543 414 1604 et
444 1539 499 1616 ait,
540 1538 684 1603 “Redde
716 1538 882 1605 volucrem
909 1538 1098 1625 fugitivum,
1133 1545 1261 1624 martyr
1295 1538 1435 1617 Thoma,

378 1647 514 1725 “quem
545 1639 670 1705 deliciis
699 1639 890 1724 hujusmodi
920 1640 1116 1725 quandoque
1149 1641 1303 1705 novimus
1337 1662 1434 1707 occu-

383 1748 400 1776 “
421 1745 537 1826 patum
560 1746 595 1806 et
617 1742 749 1807 damnis
772 1742 997 1808 consimilibus
1019 1742 1278 1808 contristatum'’
1323 1742 1433 1820 Dixit,

378 1848 414 1908 et
444 1842 487 1906 ob
509 1842 667 1908 damnum
699 1865 796 1909 suum
830 1866 960 1910 cereum
991 1844 1234 1910 accendendum
1266 1844 1359 1909 misit
1386 1844 1435 1909 ad

378 1943 546 2012 eeclesiam
568 1946 658 2010 beati
681 1945 779 2024 Petri,
804 1968 870 2030 qua
891 1946 1048 2030 martyris
1069 1944 1218 2030 reliquiae
1240 1946 1434 2012 condecenti

380 2053 556 2113 serventur
588 2047 719 2113 honore.
777 2048 886 2134 igitur
918 2048 997 2111 dum
1031 2047 1148 2112 fratres
1182 2047 1432 2114 nocturnalibus

379 2150 468 2215 horis
491 2148 689 2228 insisterent,
706 2150 830 2216 decidit
850 2149 943 2214 nisus
958 2154 1036 2215 ente
1051 2171 1202 2229 corcum3
1225 2150 1282 2235 qui
1298 2149 1433 2214 domino

382 2269 441 2315 suo
479 2251 653 2317 restitutus
694 2251 803 2337 gratia
839 2249 1041 2316 restitutoris
1072 2249 1124 2315 sui
1162 2251 1286 2315 meruit
1325 2249 1433 2317 carior

375 2352 498 2450 nus.

435 2590 439 2599 ι

425 2610 528 2696 (110.)
554 2609 602 2676 De
624 2609 692 2676 cive
726 2607 971 2676 Cossutiano
993 2607 1056 2694 qai
1077 2607 1197 2676 aiswm
1221 2607 1389 2676 contectam

799 2710 1015 2797 recuperavit.

210 2881 338 2934 Asiam
436 2866 552 2933 Monet
584 2866 686 2952 juxta
722 2887 782 2932 nos
819 2866 902 2932 civis
940 2864 1137 2945 cantuariae,
1176 2865 1241 2951 qui,
1281 2866 1436 2952 quamvis

207 2947 352 3066 {w‘ssff'
382 2969 539 3035 militiam
568 2990 636 3035 non
665 2969 769 3045 novit,
800 2968 978 3033 militarem
1008 2973 1122 3034 tamen
1150 2968 1335 3033 vanitatem
1365 2989 1436 3034 non

210 3030 349 3132 adiretis
386 3071 575 3139 contemnit.
622 3070 689 3137 Hic
710 3071 820 3135 nisum
843 3093 941 3155 quem
964 3069 1057 3135 misit
1078 3070 1116 3133 in
1137 3091 1273 3136 caveam
1299 3091 1435 3136 servan-

209 3146 291 3198 hawk.
380 3174 460 3238 dum
482 3173 623 3240 tradidit
653 3173 750 3239 uxori
782 3194 871 3253 suae3
902 3172 961 3258 qni
992 3172 1149 3250 avolavit,
1183 3177 1218 3237 et
1249 3173 1435 3239 custodiam

352 3316 354 3323 ι
378 3275 529 3354 evadam,
545 3275 714 3341 custodem
737 3297 795 3360 per
817 3275 905 3339 diem
920 3278 956 3339 et
977 3278 1107 3339 noctem
1130 3273 1258 3339 tristem
1280 3272 1436 3358 reliquit;

378 3398 457 3443 nam
490 3377 601 3442 virum
639 3375 787 3452 timebat,
827 3377 892 3460 qui,
927 3376 1037 3440 minus
1074 3375 1176 3442 comis
1213 3376 1250 3438 in
1286 3397 1434 3453 uxorem,

380 3480 539 3546 damnum
561 3500 658 3543 suum
676 3478 823 3542 inultum
845 3498 913 3542 non
928 3478 1119 3543 dimitteret.
1165 3477 1298 3544 Accidit
1312 3481 1436 3557 autem,

379 3584 554 3667 postquam
591 3579 711 3643 mulier
740 3600 837 3664 super
868 3578 1042 3643 amissione
1073 3578 1216 3644 volucris
1254 3584 1435 3664 martyrem

380 3680 541 3747 Thomam
556 3680 832 3766 interpellaverat,
850 3680 943 3744 nisus
965 3679 1129 3745 revolavit
1142 3680 1179 3743 in
1201 3686 1436 3764 cryptamque

381 3786 488 3853 sancti
510 3806 627 3870 corpus
657 3783 831 3870 requiescit
853 3783 1036 3860 humatum,
1059 3786 1094 3847 et
1123 3781 1264 3867 scapulae
1287 3782 1436 3847 mulieris

381 3892 460 3955 ante
495 3893 676 3972 martyrem
707 3887 831 3953 orantis
864 3886 994 3962 insedit,
1029 3882 1148 3949 vicinae
1182 3883 1253 3969 ejus
1287 3883 1437 3948 mulieris

382 4013 457 4077 quae
479 3991 646 4057 volucrem
668 3991 875 4077 perdiderat;
897 4009 918 4053 a
940 3991 1056 4072 quaet
1077 3985 1150 4071 ipsa
1171 3985 1281 4071 ipsum
1303 3985 1434 4070 recepit.

381 4093 456 4161 Hoc
477 4100 589 4160 autem
611 4094 736 4159 factum
759 4097 816 4169 est,
839 4096 879 4155 ut
911 4095 1028 4155 notum
1051 4088 1145 4153 fieret
1166 4093 1253 4153 nutu
1278 4086 1435 4170 martyris

383 4197 493 4283 ipsum
516 4197 615 4260 fuisse
646 4194 857 4271 restitutum3
886 4192 956 4278 ipse
978 4212 1122 4277 namque
1151 4191 1261 4254 nisum
1286 4187 1436 4254 restituit

382 4298 427 4365 ad
449 4321 547 4385 quem
568 4297 661 4362 nisus
682 4294 852 4361 revolavit.

807 4565 816 4599 ¹
829 4568 944 4631 oncupio,
955 4565 1012 4618 MS.
