3316 6240
385 778 451 843 266
721 791 900 843 mancum
922 794 948 841 s.
971 793 1108 855 mona,
1292 780 1370 863 [ms.
1387 796 1436 846 n1.

383 977 455 1044 nire
480 977 651 1045 laborabat
663 1003 671 1058 3
701 984 737 1043 et
760 980 894 1064 quidem
921 983 1085 1045 tumorem
1107 981 1234 1046 ventris
1257 982 1300 1047 ad
1323 982 1437 1049 horam

384 1101 594 1165 compescere,
609 1081 666 1146 scd
678 1081 820 1147 dolorem
843 1082 955 1147 sedere
973 1083 1163 1147 nullatenus
1183 1083 1301 1168 potuit.
1349 1085 1436 1166 Quo·

384 1183 536 1267 tiensque
577 1182 777 1269 cataplasma
817 1184 980 1249 cruciatus
1020 1184 1166 1249 internos
1212 1187 1435 1264 conveniebat,

386 1284 485 1349 timor
506 1288 541 1349 et
563 1285 753 1350 teneritudo
775 1284 948 1371 virginalis
971 1290 1139 1370 suspectas
1160 1307 1319 1351 manuum
1342 1286 1435 1352 blan-

385 1386 484 1451 ditias
507 1385 753 1471 perhorrescens
768 1387 911 1452 clamosa
926 1391 960 1452 et
980 1388 1118 1471 querula
1133 1409 1212 1453 voce
1228 1388 1434 1454 intolerabile

383 1487 564 1552 remedium
587 1488 778 1554 testabatur.
857 1488 941 1554 Cum
964 1493 1074 1554 autem
1099 1489 1350 1554 clarescentibus
1374 1490 1435 1553 mi·

383 1588 503 1655 reculis
533 1589 685 1673 petentia
707 1590 865 1674 martyris
897 1589 994 1675 lenge
1021 1589 1153 1675 lateque
1184 1590 1433 1668 diffunderetur,

384 1695 428 1767 et,
451 1690 539 1756 sicut
571 1690 811 1775 scriptumest,
837 1698 854 1724 “
868 1690 919 1754 illi
942 1691 1094 1755 viderent
1125 1691 1244 1775 quibus
1274 1713 1341 1757 non
1365 1698 1435 1756 erat

385 1798 402 1825 ‘⁴
424 1791 662 1857 annuntiatum
693 1790 734 1855 de
756 1811 802 1868 eo,
826 1798 861 1856 et
884 1792 942 1876 qui
972 1814 1039 1857 nen
1068 1793 1247 1857 audierunt
1277 1794 1432 1878 praedica-

383 1893 547 1959 “tionem
570 1893 611 1959 de
634 1915 672 1959 eo
694 1893 945 1981 irptelligerent,’'
969 1895 1120 1980 protinus
1135 1895 1273 1980 abjectis
1292 1896 1430 1981 emplas-

383 1995 446 2061 tris
460 1996 631 2061 exsultans
646 1996 702 2073 ait,
720 1994 901 2061 “Ooelestis
924 1997 965 2062 de
987 2003 1105 2068 caetero
1128 1997 1210 2061 mihi
1234 1998 1431 2081 quaerendus

385 2106 403 2133 “
424 2104 475 2167 est
504 2098 651 2163 medicus
663 2122 671 2176 ;
701 2102 847 2163 terrenos
879 2103 1000 2175 sutem,
1024 2099 1082 2183 qui
1113 2120 1230 2184 parurn
1262 2099 1316 2163 vel
1347 2100 1433 2163 nihil

384 2200 571 2267 “conferre
602 2206 749 2286 possunt,
773 2201 970 2285 relinquens,
994 2202 1059 2287 ipsi
1081 2224 1133 2265 me
1155 2223 1268 2279 vavae,
1294 2203 1357 2288 ipsi
1380 2198 1432 2267 me

384 2310 402 2337 “
424 2307 497 2368 tota
519 2301 695 2368 devotione
718 2302 914 2368 committo.''
961 2303 1069 2389 Igitm·
1090 2303 1169 2388 quia
1190 2304 1289 2369 fidem
1312 2303 1432 2369 habuit

384 2407 419 2469 et
440 2424 508 2469 non
529 2403 707 2481 hoesitavit
732 2403 804 2468 fieri
829 2404 893 2469 sibi
916 2405 1096 2469 seeundum
1119 2404 1217 2469 fidem
1241 2405 1430 2489 promeruit.

386 2506 475 2571 Nam
501 2508 677 2591 postquam
709 2528 743 2571 se
765 2511 845 2571 voto
867 2506 1140 2592 peregrinationis
1166 2506 1337 2593 obligavit,
1360 2529 1429 2572 om-

385 2628 462 2673 nem
484 2606 669 2673 molestiam
692 2606 813 2672 doloris
835 2607 967 2695 evasit.¹

517 2854 574 2940 (8.)
598 2854 647 2921 De
669 2852 800 2920 <leobae
821 2851 1025 2921 rudioribus
1047 2853 1302 2921 tractatoriam.

287 3083 294 3096 .
424 3010 574 3078 lhrerunt
597 3012 672 3077 duae
701 3011 854 3076 mulieres
883 3010 918 3074 in
949 3010 1100 3095 partibus
1130 3011 1204 3089 illis,
1226 3011 1332 3077 smbae
1355 3034 1428 3097 pro-

313 3188 323 3215 ,
378 3119 483 3180 veetoe
520 3114 638 3190 semus,
670 3113 775 3178 ambae
813 3113 942 3177 devotec
979 3112 1108 3190 mentis,
1144 3134 1282 3198 quarum
1317 3113 1428 3190 altera,

378 3236 499 3281 nomen
520 3215 645 3280 habens
669 3215 749 3292 Oda,
773 3219 882 3300 partes
904 3214 1062 3299 tegendas
1085 3236 1127 3279 ex
1149 3214 1310 3281 violentia
1332 3236 1428 3299 quar-

281 3347 335 3409 ·‚=
379 3322 467 3383 tame
490 3317 589 3382 febris
612 3317 823 3391 intumuerat,
847 3320 882 3380 et
911 3316 1001 3381 omni
1033 3315 1099 3380 fere
1130 3317 1349 3381 membrorum
1373 3317 1426 3382 de·

379 3419 580 3484 stituebatur
613 3418 725 3484 officio,
779 3418 902 3482 Tamen
934 3417 977 3481 ad
1008 3417 1187 3502 petendum
1219 3418 1426 3503 sepulchrum

379 3520 535 3606 martyris
568 3519 740 3605 accingens
772 3541 814 3595 se,
846 3517 1002 3584 sollicitos
1033 3518 1179 3583 reddidit
1213 3526 1367 3605 cognatos
1393 3526 1428 3585 et

377 3628 481 3700 notos,
506 3621 594 3707 quod
614 3620 734 3685 laboris
765 3619 942 3705 impatiens
973 3624 1008 3683 et
1037 3619 1150 3684 morbo
1174 3620 1320 3686 confecta
1342 3623 1426 3706 peri-

362 3724 489 3807 ¹eulum
512 3731 608 3789 tense
631 3728 665 3788 et
687 3722 787 3786 maris
810 3725 1033 3805 attemptaret.
1091 3720 1157 3800 Qui
1180 3723 1374 3807 replicantes
1396 3724 1427 3788 ei

376 3828 523 3914 inopiam
545 3826 741 3891 viaticorum
764 3829 798 3888 et
820 3823 885 3888 vise
908 3821 1143 3899 difficultatem,
1164 3825 1346 3888 temerariis
1369 3846 1426 3889 au-

379 3931 470 3996 sibus
496 3929 564 3993 suis
594 3931 733 3991 mortem
763 3924 986 4010 praecinebant
1016 3922 1194 3987 imminere.
1252 3924 1316 3988 Illa
1339 3947 1425 4002 vero,

378 4032 466 4097 facto
487 4036 575 4106 voto,
591 4028 736 4093 sentiens
753 4027 824 4112 jam
840 4026 902 4089 sibi
924 4024 1086 4110 pullulare
1101 4025 1255 4109 vigorem,
1272 4025 1425 4109 spiritum

378 4140 567 4222 promptum
590 4132 722 4207 habens,
746 4128 898 4215 quamvis
920 4150 1050 4193 earnem
1072 4126 1245 4202 infirmam,
1264 4126 1425 4212 impetum

378 4238 450 4324 ejus
473 4234 670 4320 sequebatur
692 4232 749 4317 qui
781 4228 978 4315 praesidebat
1007 4229 1044 4292 in
1074 4249 1116 4305 se,
1134 4226 1329 4291 fortitudine
1353 4230 1425 4313 qui-

379 4342 454 4406 dem
488 4336 657 4411 destituta,
683 4334 740 4399 sed
772 4333 836 4396 fide
867 4331 1026 4396 roborata
1073 4330 1234 4415 Vtcmque
1266 4352 1425 4416 aggressa,

377 4440 568 4507 milliarium
591 4458 695 4502 unum
722 4434 828 4520 prima
851 4433 903 4496 die
933 4431 1077 4517 perfecit,
1101 4432 1243 4497 secunda
1265 4439 1407 4517 quatuor
1419 4458 1427 4513 ;

377 4551 412 4611 et
433 4541 612 4609 seeundum
635 4558 808 4603 numerum
831 4534 958 4598 dierum
981 4534 1103 4599 faciens
1125 4541 1338 4621 augmentrnn
1358 4536 1425 4600 die-

377 4654 495 4722 tarum,
528 4646 631 4710 donee
667 4645 743 4727 post
779 4638 961 4703 elaboratas
999 4637 1128 4703 viarum
1166 4638 1317 4715 salebras,
1351 4646 1425 4724 post
