3316 6240
370 754 412 813 56
748 764 829 811 VITA
852 767 879 811 S.
903 762 1041 823 THOMAE,

368 934 531 999 exhibere.
578 934 714 997 Videres
738 933 938 999 sacerdotem
966 931 1114 999 incivili
1138 932 1208 998 foro
1231 932 1421 999 declamare.

369 1036 505 1100 Videres
543 1057 699 1123 sponsum
737 1058 864 1121 sponsio
903 1058 978 1112 suro,
1018 1056 1085 1100 non
1122 1034 1270 1120 legitimo
1304 1054 1423 1121 sponso

369 1138 538 1221 copulatae,
566 1138 692 1201 dedisse
725 1137 871 1201 lilrelluru
903 1136 1040 1223 repudii.
1087 1135 1222 1201 Videres
1254 1136 1421 1201 confusam

370 1238 472 1323 legem
497 1238 564 1323 poli
587 1246 621 1307 et
652 1238 721 1313 soli,
745 1246 779 1301 et
802 1238 936 1301 domum
963 1237 1120 1302 orationis
1144 1238 1264 1303 laetam
1287 1238 1420 1323 spelun-

371 1360 442 1405 oam
467 1339 640 1405 latronum.

433 1552 513 1635 (47.)
546 1552 740 1637 Appellatio
761 1550 992 1637 episcoporum
1013 1557 1042 1615 et
1064 1548 1224 1615 (tolotana
1246 1556 1363 1615 cordat

816 1652 982 1717 Tlummm.

200 1802 256 1879 'spe
419 1790 500 1855 Post
519 1791 683 1855 modicum
700 1797 839 1875 tempus,
856 1790 1128 1855 convenientibus
1143 1790 1186 1853 ad
1208 1788 1323 1853 urbem
1338 1788 1423 1853 Lon-

201 1868 348 1985 }‘Jgffiffls
373 1892 488 1957 donias
511 1893 669 1977 episcopis
693 1898 727 1957 et
742 1893 917 1957 abbatibus
934 1890 1050 1975 rogni1
1074 1892 1249 1967 nonnullis,
1273 1912 1315 1955 ex
1329 1912 1423 1957 mau-
1475 1934 1480 1942 ·

200 1998 341 2049 onosuia
374 1994 452 2057 dato
486 1994 579 2077 regis,
607 1995 737 2075 jussum
772 1999 822 2056 est
855 1999 969 2058 eontra
1000 1992 1279 2077 arehiepiscopum
1310 2012 1422 2057 vocam

199 2066 361 2181 ffiffl'ssw
375 2094 605 2179 appellationis
639 2092 809 2157 exhiberi.²
862 2094 1054 2158 Tiruebatru·
1089 2094 1176 2157 eninr
1208 2116 1250 2157 ne
1282 2094 1351 2179 ipse
1387 2094 1423 2157 in

200 2197 354 2273 flsssissffsshe
375 2197 528 2271 enormia,
545 2219 618 2280 qua).
643 2218 700 2280 per
722 2216 858 2279 regnum
882 2195 1173 2279 praesumelmutur,
1197 2216 1331 2259 manum
1354 2214 1422 2259 eor-

200 2262 359 2327 arehbrslrop.
444 2298 450 2311 .
500 2298 506 2311 .
1041 2297 1047 2309 .
1096 2319 1099 2323 ,
1215 2297 1221 2310 .
1262 2296 1268 2310 .

373 2306 526 2363 reetrours
549 2298 748 2363 extenderet.
804 2296 1008 2381 Appellant³
1039 2304 1150 2379 itaquo
1175 2318 1270 2381 prrnu
1295 2296 1422 2359 Londo-

370 2400 493 2463 niensis
509 2406 543 2463 et
559 2398 819 2472 Saresberiensis,
836 2397 1078 2481 provocationis
1094 2404 1128 2461 et
1143 2396 1423 2481 praevaricationis

369 2500 507 2565 fomites.

373 2710 453 2794 (48.)
479 2708 680 2775 Eeooieuaia
702 2707 815 2774 noluit
837 2708 884 2774 od
901 2708 1054 2794 jeronmi
1068 2706 1222 2773 oliorwm
1243 2708 1422 2795 appellare.

201 2860 360 2927 Thebiuuop
418 2859 612 2923 Exoniensis
634 2860 677 2923 ad
700 2858 932 2943 appellandum
957 2859 1027 2943 cogi
1052 2879 1117 2921 uon
1141 2864 1277 2943 poterat.
1324 2858 1423 2923 Cum-

201 2929 333 3045 fflffff'
373 2982 436 3047 que
470 2962 569 3025 nimis
604 2968 638 3024 et
669 2960 775 3023 multa
813 2960 1000 3043 pulsaretur
1037 2959 1207 3036 instantia,
1246 2960 1423 3045 rospondit,

200 3060 349 3122 joininrhe
373 3072 390 3096 “
414 3062 541 3147 Cogitis
578 3083 630 3125 me
668 3081 689 3124 a
725 3061 916 3143 gravamine
955 3057 1199 3144 uretr01·›olitani
1231 3060 1303 3136 mei,
1336 3059 1424 3145 quod

202 3126 309 3255 {w
374 3173 390 3199 “
413 3164 570 3235 metuitis
603 3160 774 3245 appellare.
832 3160 954 3223 Verum
987 3160 1146 3225 noveritis
1177 3162 1256 3245 quia
1277 3182 1337 3227 nee
1359 3162 1423 3226 fra-

373 3273 390 3297 “
413 3263 519 3325 tribus
542 3282 602 3326 nee
628 3261 786 3345 episeopis
818 3261 875 3343 qui
897 3281 918 3324 a
940 3261 1036 3324 vobis
1067 3260 1235 3345 appellant
1257 3262 1424 3327 consentio

373 3374 389 3397 “
413 3383 473 3426 neo
504 3360 716 3435 communiae,
740 3381 814 3425 oum
846 3361 888 3425 ab
919 3382 956 3424 eo
983 3382 1081 3444 quem
1104 3361 1273 3445 appellant
1295 3383 1423 3426 exeom-

372 3472 389 3496 “
412 3461 571 3525 munieati
595 3460 838 3545 dignoscuntur.
887 3460 938 3523 Ne
970 3468 1080 3525 tamen
1112 3467 1281 3547 suspectus
1303 3463 1425 3528 habear

372 3573 389 3599 “
413 3563 545 3628 domiuo
577 3563 654 3649 regi,
689 3569 846 3646 tanquam
880 3563 1050 3627 sinistrum
1085 3564 1274 3629 machinans
1308 3566 1339 3630 ei
1370 3565 1424 3629 vel

373 3676 389 3700 “
412 3687 511 3752 regno
544 3665 622 3750 ejus
649 3664 787 3750 appello,
811 3664 867 3729 sed
900 3665 991 3729 salvo
1023 3665 1086 3729 Dei
1119 3666 1308 3751 dominique
1339 3668 1425 3753 regis

372 3778 388 3801 ‘⁴
410 3768 540 3845 honore,
579 3768 636 3832 sed
673 3766 766 3831 salva
800 3788 874 3850 quae
913 3766 1069 3831 Romanae
1108 3767 1249 3833 eeclesiae
1287 3769 1425 3833 debetur

371 3876 388 3901 “
411 3869 607 3943 obedientia,
631 3868 688 3931 sed
718 3867 811 3932 salva
841 3866 967 3931 domini
999 3867 1247 3932 Cantuan'ensis
1274 3890 1424 3933 reveren-

372 3978 388 4003 “
411 3969 485 4032 tia.”
543 3970 616 4033 Hoc
646 3968 818 4033 audientes
841 3975 876 4032 et
905 3968 1051 4053 guaviter
1082 3968 1223 4033 ferentes
1246 3971 1303 4054 qui
1322 3968 1422 4056 juris-

372 4070 509 4136 dictioni
541 4077 711 4155 pneerant,
736 4091 810 4133 eum
842 4068 884 4133 ad
915 4068 1053 4134 formam
1086 4071 1317 4156 appellationis
1348 4072 1422 4137 reli·

372 4192 511 4257 quorum
549 4176 735 4254 retorquere
773 4170 972 4234 nitebantur.
1020 4170 1095 4255 Ipse
1134 4194 1212 4237 vero
1243 4174 1286 4237 ad
1322 4173 1422 4238 aliam

371 4273 626 4360 appellationem
649 4272 721 4357 cogi
745 4293 810 4336 non
832 4277 970 4357 poterat.

376 4412 628 4423 --.-·---.----
651 4410 1052 4419 ——n---—·——-—-—-—-—---.-
1078 4414 1096 4419 -
1122 4413 1178 4419 --..-
1211 4414 1247 4419 -.
1288 4415 1299 4419 -
1345 4414 1366 4419 .-
1387 4412 1419 4419 ..-

404 4474 411 4505 ¹
425 4475 503 4536 repul,
514 4472 626 4533 omitted,
639 4472 672 4520 V.
685 4473 715 4521 L.
952 4472 1230 4538 ³Appellaveruul,V.;
1247 4474 1423 4539 Appellurunl,

402 4552 413 4583 ²
426 4554 503 4599 rasam
513 4560 548 4600 eat
565 4559 652 4599 contra
664 4550 774 4611 archiep.
786 4550 870 4612 appel·
920 4550 950 4598 L.

369 4632 427 4691 lari,
441 4630 473 4678 V.
487 4630 515 4679 L.
