3316 6240
370 784 413 844 88
749 794 830 841 vrrs
852 796 877 841 s
901 793 1039 853 ruens,

370 1002 471 1045 manu
504 982 600 1046 littus
637 982 837 1046 obsidebant.
884 980 1110 1045 Nihilominus
1142 986 1253 1045 tamen
1287 997 1419 1043 securus

370 1082 562 1167 peremnia
593 1082 716 1167 prinras
738 1081 910 1147 eonsilium
943 1103 1038 1144 suum
1071 1088 1106 1144 et
1137 1078 1337 1145 collaterales
1368 1077 1418 1141 di·

371 1183 527 1248 mittebat
557 1205 578 1248 a
600 1207 633 1248 so
645 1208 652 1261 ;
683 1185 839 1247 nimirum
871 1183 998 1267 Angelo
1032 1182 1143 1267 magni
1175 1180 1302 1246 consilii
1334 1200 1420 1243 conr-

372 1284 508 1350 mittens
546 1308 587 1361 se,
620 1284 849 1350 conventicula
882 1284 1118 1369 flagitiosorum
1151 1280 1417 1367 parvipendebat.

203 1395 311 1456 Roben,
373 1385 424 1449 Ex
448 1386 568 1469 quibus
591 1386 838 1451 Cantrrariensis
861 1385 1002 1450 eeclesiae
1033 1383 1233 1448 cimiliarcha
1256 1382 1419 1445 Robertus

203 1459 337 1524 respuor
354 1486 467 1550 littus
490 1486 658 1552 Dovrense
690 1494 805 1551 tenens
828 1492 941 1550 tentus
973 1492 1030 1561 est,
1054 1486 1132 1569 quia
1155 1485 1224 1547 sine
1257 1482 1377 1546 litteris
1398 1501 1420 1545 a

204 1528 248 1577 the
260 1535 325 1576 trea-

204 1592 358 1643 remorae
371 1590 461 1675 regia
483 1590 656 1654 clementia
679 1590 862 1675 irrrpetratis
884 1596 1004 1653 terram
1029 1589 1113 1673 regis
1137 1589 1314 1670 irrumpere
1338 1606 1418 1669 pne-

205 1658 342 1717 cathedrel,
486 1692 493 1704 .
1107 1690 1114 1703 .
1224 1688 1231 1701 .

203 1723 321 1773 isseized
371 1697 570 1775 sumpsrsset.
618 1692 690 1770 Quo
713 1691 928 1775 respondente
944 1712 977 1753 se
993 1711 1013 1753 a
1028 1690 1161 1753 donrrno
1184 1692 1322 1773 prunate
1338 1706 1420 1770 prae·

203 1792 256 1839 ⁸1¹d
266 1798 323 1840 sont
372 1793 507 1856 missum
523 1794 565 1857 ad
589 1795 822 1879 praeparatoria
837 1793 1090 1857 necessarionurr
1114 1814 1187 1875 quae
1206 1787 1421 1874 suscipiendis

205 1856 349 1987 ffiffg„
372 1894 540 1958 exsulibus
564 1895 766 1979 prom'dcnda
788 1901 889 1969 erant,
923 1904 938 1927 “
952 1892 1139 1978 Nrrrrqrrirl,'’
1170 1892 1310 1965 aiebant,
1339 1898 1420 1952 “ve-

204 1987 299 2038 Dover.
372 1996 474 2060 nit?”
521 1998 717 2072 Sulrirrtrrlit,
752 1997 893 2061 “Procul
921 1996 1022 2060 dubio
1054 1996 1168 2073 venit3
1200 1994 1252 2057 die
1279 1991 1422 2057 crastina

374 2098 580 2181 pne-sentiam
605 2119 705 2173 suam,
730 2099 756 2160 si
780 2121 869 2162 mare
892 2099 1063 2183 permittit,
1087 2094 1282 2161 exlribebit.”
1330 2092 1422 2154 “Ex-

373 2206 390 2231 “
413 2198 592 2283 pediobat,'’
609 2200 783 2277 addebant,
795 2209 810 2232 “
820 2200 881 2262 tibi
902 2199 1082 2264 consultius
1094 2198 1214 2273 venire,
1231 2218 1271 2259 ne
1283 2193 1421 2280 provido

375 2308 391 2333 “
414 2302 511 2386 regiae
535 2302 721 2365 serenitatis
736 2302 865 2366 decreto
888 2324 945 2385 per·
967 2301 1204 2385 surreptionem
1220 2296 1423 2383 improvidus

375 2408 391 2434 “
414 2403 571 2479 obviares,
595 2402 648 2467 vel
675 2403 777 2467 alium
809 2403 945 2487 hujusce
969 2403 1132 2467 adventus
1163 2407 1328 2466 auctorem
1352 2398 1422 2461 lau·

375 2510 391 2535 “
414 2502 499 2567 dare.
545 2503 706 2566 Volumus
737 2505 840 2589 igitur
862 2509 895 2567 te
927 2504 992 2567 fide
1016 2504 1210 2588 interposita
1233 2502 1285 2566 vel
1318 2520 1422 2565 saera-

374 2612 390 2638 “
413 2609 525 2667 mento
540 2605 688 2687 praestito
704 2605 743 2669 de
759 2605 1036 2669 retransfretando
1052 2627 1126 2669 errnr
1142 2605 1280 2689 primam
1297 2601 1424 2667 dederit

375 2714 390 2739 ‘¹
414 2725 495 2769 aura
517 2706 762 2790 navigationerrr
797 2705 982 2770 satisrlare.''
1028 2706 1117 2770 Data
1140 2707 1251 2789 itaque
1285 2704 1350 2767 fide
1374 2703 1424 2765 rli-

373 2808 492 2871 missus
515 2813 571 2872 est.
619 2809 699 2873 Eece
723 2810 905 2873 reformatae
930 2809 1017 2893 pacis
1040 2809 1192 2871 initium!
1237 2808 1365 2871 Revera
1396 2806 1424 2869 si

374 2915 498 2975 careret
529 2910 717 2994 impostura,
749 2919 808 2974 aut
839 2933 905 2974 non
944 2910 1164 2995 injuriaretur,
1197 2915 1257 2973 aut
1287 2908 1424 2994 repatri-

374 3017 484 3077 antem
512 3013 684 3096 primatem
718 3013 896 3097 primitivis
935 3013 1072 3076 donaret
1109 3011 1280 3095 obsequiis
1320 3010 1422 3074 dorni-

206 3123 307 3175 Hoerile
374 3134 518 3196 numque
542 3120 753 3177 veneraretur
768 3114 804 3176 in
826 3113 995 3177 serviente.
1045 3113 1178 3176 Postera
1193 3112 1254 3188 die,
1277 3112 1423 3176 nondum

206 3192 362 3306 ἔξω
375 3236 408 3278 se
439 3215 554 3299 pelago
593 3215 744 3279 credente
776 3214 937 3299 pontifice,
977 3215 1033 3278 sed
1066 3213 1299 3299 supellectilem
1331 3234 1423 3276 suam

374 3321 616 3398 transponente,
640 3315 743 3379 hostis
775 3316 921 3380 insultat.
969 3317 1096 3400 Nequit
1128 3316 1266 3381 ulterius
1296 3315 1423 3399 pridem

375 3420 546 3498 conceptas
592 3415 781 3481 inimicitias
827 3417 1038 3481 dissimulare.
1104 3417 1241 3480 Irnrunt
1286 3416 1424 3500 arreptis

376 3516 483 3591 armis
516 3517 714 3582 arbitrantes
751 3519 786 3581 in
818 3518 928 3582 littore
967 3518 1159 3604 sanguinem
1192 3517 1327 3581 fundere
1366 3517 1424 3601 qui

377 3617 446 3682 loco
469 3618 534 3683 alio
556 3618 669 3683 etalio
692 3624 836 3704 temporo
859 3620 1046 3683 fundendus
1062 3625 1140 3683 erat.
1187 3618 1425 3683 Transferenda

378 3725 449 3783 erat
463 3718 572 3784 hostia
595 3720 751 3785 inlocum
775 3742 901 3784 eaerum
918 3725 952 3784 et
974 3720 1169 3803 religiosum,
1187 3724 1221 3782 et
1243 3718 1423 3783 differenda

379 3820 414 3883 in
437 3820 507 3884 dies
529 3821 635 3896 festos,
659 3821 728 3885 dies
751 3820 919 3885 altissima
943 3821 1106 3906 majestati
1131 3819 1304 3893 dedicatos,
1320 3826 1359 3884 ut
1382 3842 1423 3883 ex

378 3921 481 3984 altero
519 3929 668 3986 sanetum
710 3928 822 3987 saneto
860 3922 1065 4006 sepulchrum
1105 3926 1350 4006 praepararetur,
1382 3943 1423 3985 ex

378 4028 517 4104 utroque
542 4045 617 4085 vero
641 4024 768 4086 sceleris
792 4024 968 4087 enormitas
983 4024 1190 4086 indicaretur.
1238 4022 1289 4085 En
1312 4045 1424 4085 rursus

377 4122 443 4186 alia
475 4129 671 4207 provocatur
702 4125 832 4208 injuria,
857 4130 890 4188 et
925 4130 1082 4208 tanquam
1107 4145 1276 4208 percussus
1309 4123 1351 4188 ad
1375 4146 1424 4189 re-

377 4224 625 4309 percutiendum
660 4225 840 4289 invitatur!
885 4225 992 4289 Nemo
1024 4225 1063 4289 de
1088 4225 1423 4301 ceter·omiretu1·,si

378 4347 478 4401 suam,
501 4326 602 4389 immo
625 4348 830 4391 communem
853 4327 1002 4397 ecelesia,
1023 4335 1236 4411 persequatur·
1269 4327 1423 4410 injuriam

377 4432 578 4513 provocatus.
