3316 6240
250 1355 312 1402 nm.
331 1338 392 1421 vr]
448 1352 608 1402 lucrose
631 1352 811 1400 wrmnnuo
835 1351 1098 1400 caurumususr.
1234 1339 1299 1404 419

248 1541 520 1626 promissionique
550 1542 761 1606 commetiens
783 1540 936 1605 effectum
965 1539 1112 1604 advertit
1134 1539 1297 1603 somnium

248 1643 399 1707 veritatis
436 1643 537 1706 fuisse
574 1642 731 1727 bajulum,
767 1663 834 1706 non
871 1641 1028 1705 falsitatis
1066 1647 1297 1706 commentum.

250 1743 393 1829 Moxque
417 1750 601 1829 emergente
633 1765 750 1809 aurora
772 1744 954 1820 confitetur,
978 1744 1098 1828 accipit
1129 1743 1306 1810 viaticum..

250 1845 368 1930 ltaque
402 1852 535 1912 curatur
565 1869 606 1911 ex
629 1851 730 1931 parte,
753 1845 811 1909 sed
834 1867 901 1909 non
932 1846 1023 1910 valet
1052 1867 1094 1909 ex
1127 1850 1206 1909 toto.
1253 1845 1298 1907 Et

249 1953 321 2011 erat
343 1948 430 2012 unde
453 1948 584 2024 doleret,
608 1953 642 2011 et
672 1947 759 2011 unde
783 1948 907 2032 gratias
937 1968 1033 2032 agere
1056 1951 1183 2031 posset3
1215 1967 1296 2010 non-

249 2048 328 2111 dum
362 2048 449 2113 enim
479 2071 554 2134 pare
577 2049 711 2113 sinistra
733 2049 904 2113 sinistrum
937 2047 1106 2134 teporeml
1139 2053 1295 2112 evaserat.

164 2196 167 2201 -
249 2151 432 2215 Differebat
454 2152 586 2215 interim
609 2150 754 2215 medicus
778 2151 920 2215 coelestis
943 2151 1024 2234 quid
1047 2150 1194 2214 facturus
1217 2153 1295 2224 erat,

249 2253 353 2317 sciens
377 2254 413 2316 in
444 2252 639 2318 infimitate
661 2252 821 2316 uirtutem
853 2253 973 2337 perfici,
999 2259 1037 2315 ut
1061 2252 1149 2336 quod
1180 2252 1295 2316 verbo-

248 2358 345 2418 tenus
368 2377 454 2440 aeger
476 2355 642 2440 aliquibus
665 2360 752 2419 retro
783 2354 984 2438 temporibus
1008 2354 1168 2418 didicerat
1191 2374 1295 2438 quan-

249 2455 355 2539 doque
379 2456 517 2521 disceret
540 2461 575 2520 et
596 2456 644 2520 rei
668 2454 939 2539 comprobatione.

293 2556 401 2642 Igitur
423 2579 498 2622 cum
520 2556 671 2619 infirmus
694 2577 838 2619 scorsum
861 2577 882 2619 a
904 2561 1069 2619 conventu
1093 2576 1151 2618 suo
1174 2553 1295 2618 hebdo-

249 2656 361 2720 mades
393 2656 520 2741 aliquot
542 2678 642 2741 egens
672 2656 838 2740 juveniles
870 2676 972 2719 annos
996 2676 1071 2719 snos
1095 2655 1295 2740 deplorabat,

249 2779 330 2842 quos
353 2758 435 2823 citra
450 2760 651 2823 senectutem
667 2757 805 2843 languor
820 2758 993 2833 invaserat,
1009 2758 1138 2821 ferebat
1151 2756 1297 2841 graviter

247 2859 401 2923 humeros
423 2881 498 2924 suos
521 2858 628 2924 oneris
655 2866 689 2923 et
711 2857 904 2943 servitutis²
925 2859 1089 2944 patientes
1120 2859 1296 2942 intempes-

249 2960 322 3024 tiva
355 2961 609 3024 manumissione
632 2959 776 3024 donatos.
825 2958 1036 3044 Optabatquo
1069 2959 1209 3024 salutem
1229 2980 1296 3023 non

147 3094 150 3099 ·
250 3061 312 3124 sibi
336 3063 392 3125 sed
415 3062 528 3126 domui
551 3061 622 3137 Dei,
646 3061 698 3126 cui
721 3061 873 3146 prodesse
896 3063 1057 3145 cupiebat,
1080 3085 1121 3126 ne
1145 3062 1237 3126 fieret
1259 3062 1295 3125 in
1417 3052 1420 3057 ¹

249 3165 444 3228 monasterio
482 3164 570 3247 quod
608 3163 702 3230 fucus
739 3165 775 3226 in
813 3164 964 3229 alveario.
1034 3165 1140 3244 Quem
1182 3170 1294 3229 autem

249 3273 435 3331 sanctorum
451 3269 561 3351 potius
577 3268 746 3332 invocaret
761 3268 797 3330 in
816 3265 877 3332 hac
892 3273 985 3353 parte
1001 3288 1100 3350 quam
1115 3273 1294 3352 ma1tyrem

249 3390 346 3452 quem
370 3370 550 3454 propitium
574 3371 666 3455 prius
691 3371 890 3434 invenerat?
937 3369 1036 3432 Illum
1059 3370 1170 3454 itaquo
1201 3391 1294 3454 prece

248 3470 369 3557 fatigat
406 3472 536 3549 obnixa,
568 3472 747 3558 gemitibus
786 3471 975 3556 interpellat
1011 3472 1293 3537 inenarrabilibus.

249 3572 292 3636 Et
314 3573 437 3637 factum
461 3574 571 3638 estin
594 3596 662 3638 una
684 3573 832 3638 noctium
856 3573 993 3638 verbum
1017 3573 1150 3639 adeum
1174 3574 1293 3650 dicens,

163 3722 166 3727 .
246 3680 262 3706 “
286 3671 460 3757 Ingredere
483 3673 520 3736 in
551 3673 719 3758 capellam,
743 3677 777 3738 et
800 3679 933 3757 accepta
963 3673 1110 3758 ampulla
1132 3673 1225 3758 cujus
1260 3695 1296 3738 os

247 3774 428 3839 “fractum
450 3775 486 3838 in
510 3776 701 3840 summitate
724 3773 873 3861 reperies,
897 3775 1055 3860 perfunde
1079 3775 1167 3840 latus
1189 3782 1294 3852 tuum,

246 3882 263 3908 ‘¹
286 3880 321 3939 ct
343 3875 536 3940 sanaberis.’'
584 3877 625 3940 In
647 3875 700 3940 his
731 3877 815 3941 visio
838 3877 983 3942 evanuit.
1029 3877 1081 3940 Ex
1111 3878 1295 3942 abundanti

246 3977 382 4041 videtur
414 3978 606 4044 subnectere
630 3980 658 4043 si
691 3980 879 4065 promissori
902 3978 1018 4044 salutis
1048 4002 1116 4045 suae
1140 3982 1294 4065 paruerit,

230 4081 303 4164 'qui
327 4081 466 4147 salutem
490 4104 584 4147 suam
607 4082 819 4148 vehomenter
842 4082 979 4169 optavit.

389 4289 470 4374 (10.)
494 4289 542 4356 De
558 4290 683 4374 juvene
704 4290 873 4358 meruleto
896 4298 926 4358 et
949 4290 1159 4359 mirtulam.

293 4443 510 4509 “Venerabili
548 4446 634 4529 patri
673 4453 708 4509 et
744 4445 850 4511 amico
887 4447 923 4508 in
961 4446 1096 4512 Christo
1127 4445 1294 4510 carissimo
1309 4466 1432 4532 flughde

249 4553 265 4579 “
288 4545 436 4624 Ricard0,
457 4546 522 4610 Dei
551 4546 660 4632 gratia
682 4546 914 4612 Cantuariensi
946 4548 1196 4632 archiepiscopo
1219 4569 1296 4632 apo·
1309 4533 1443 4662 {mos

249 4655 265 4681 “
289 4649 410 4714 stolioae
434 4649 520 4713 sedis
553 4648 669 4734 legate,
693 4656 728 4714 et
750 4649 882 4714 dilectis
916 4651 993 4714 filiis
1029 4650 1130 4735 priori
1165 4654 1199 4713 ot
1222 4671 1296 4713 con-
1310 4665 1434 4726 Durum,

249 4758 265 4784 ‘⁴
288 4753 405 4816 ventui
427 4752 572 4837 ejusdem
597 4751 747 4830 ecclesiae,
772 4752 881 4839 Hugo‚
898 4753 1011 4817 cadem
1041 4752 1150 4839 gratia
1172 4752 1297 4817 Dunel-
1310 4733 1421 4860 {fffi'

247 4860 264 4886 ‘¹
287 4855 407 4918 mensis
430 4854 572 4920 eeclesiae
599 4854 750 4920 minister
771 4854 917 4930 humilis,
941 4855 1083 4920 salutem
1106 4863 1140 4919 et
1163 4855 1298 4921 sincerae
1311 4863 1470 4923 niernum

248 4965 266 4989 “
289 4956 475 5021 dilectionis
497 4958 662 5023 affectum.
1312 4929 1447 5059 wind

283 5153 290 5183 ¹
309 5161 427 5217 torporem
438 5157 450 5201 ?
462 5152 552 5215 Comp.
565 5155 660 5202 Bencd.
670 5152 765 5202 Petrib.
838 5150 849 5181 ‘²
864 5154 991 5201 servitulis
1003 5161 1033 5212 el,
1045 5154 1100 5204 MS.

250 5232 266 5282 i.
278 5250 300 5282 c.
316 5239 353 5282 15.

1060 5316 1169 5377 nn2
