3316 6240
383 789 447 854 540
714 799 894 854 nmirum
915 801 942 853 s.
964 800 1102 862 mona,
1307 786 1393 871 [ma
1411 800 1458 851 vr

382 986 544 1055 “decocti
578 986 631 1052 vel
662 988 841 1056 exulcerati
874 987 971 1055 solito
1008 986 1091 1052 mihi
1123 1005 1194 1053 non
1233 983 1456 1055 famulantur

382 1098 398 1123 “
420 1090 556 1156 incessu.
1292 1110 1295 1115 ·

425 1194 631 1258 “Mininnnn
653 1200 703 1259 est
725 1194 813 1280 quod
828 1214 932 1260 narro.
979 1192 1122 1274 Quidam
1145 1192 1343 1262 vicinorum
1359 1213 1449 1261 meo-

382 1304 398 1331 “
419 1318 502 1373 rum,
525 1298 709 1383 praevidens
732 1298 904 1374 diluvium,
931 1298 1071 1383 arreptis
1100 1319 1205 1364 uxore
1228 1302 1265 1363 et
1298 1298 1449 1383 quodam

381 1401 632 1485 “parvulorum
669 1422 811 1479 suorum,
843 1400 970 1466 duobus
1001 1400 1145 1465 dimissis
1182 1400 1273 1465 infra
1306 1399 1447 1465 domum

381 1510 397 1535 “
419 1524 512 1568 suam
535 1525 609 1569 curn
641 1524 747 1579 vacca,
771 1524 852 1587 quos
887 1524 954 1589 prae
987 1502 1145 1589 temporis
1177 1503 1343 1587 angustia
1376 1524 1445 1567 non

380 1614 395 1637 “
418 1609 547 1688 poterat
570 1605 693 1687 ejicere,
716 1605 903 1690 fugitante
926 1604 1072 1681 fluctum,
1094 1604 1256 1671 custodia
1279 1604 1444 1689 martyris

379 1714 394 1739 “
417 1711 536 1779 cuncta
565 1706 754 1791 relinquens
786 1729 860 1792 quae
897 1708 1082 1793 reliquerat.
1137 1706 1293 1773 Mirabile
1328 1706 1444 1774 dictu!

378 1818 393 1841 “
417 1814 491 1894 post
524 1831 705 1894 regressum
739 1810 859 1876 fluctus
897 1810 933 1874 in
967 1810 1099 1875 alveum
1137 1832 1236 1875 suum
1269 1830 1440 1895 regressus

378 1920 394 1945 “
417 1916 467 1976 est
497 1918 531 1977 et
562 1913 704 1979 rusticus
737 1913 780 1979 ad
811 1935 927 1999 agrum
956 1935 1062 1989 suum,
1084 1914 1172 1978 inter
1202 1934 1295 1997 spem
1330 1918 1366 1977 et
1395 1913 1439 1978 ti-

378 2023 394 2047 ‘·'
416 2035 538 2078 morem
570 2015 703 2097 positus.
751 2014 839 2079 Nam
862 2014 1016 2099 sperabat
1037 2014 1078 2078 de
1101 2012 1328 2080 misericordia
1351 2034 1437 2078 mar-

377 2124 393 2148 ·‘
417 2115 508 2198 tyris,
525 2114 675 2198 quamvis
698 2115 877 2180 secrmdnm
903 2114 1085 2199 periculum
1107 2136 1175 2181 non
1198 2114 1374 2181 dubitaret
1394 2115 1436 2179 de

378 2216 589 2280 “amissione
631 2216 860 2301 possessionis;
901 2217 1128 2302 reperiensque
1166 2216 1302 2281 domurn
1343 2235 1435 2281 suam

378 2328 392 2351 “
416 2318 524 2384 adhuc
545 2324 697 2393 stantem,
713 2323 747 2383 et
769 2319 923 2404 parvulos
939 2319 1056 2397 salvos,
1081 2341 1155 2385 cum
1171 2318 1339 2384 universis
1361 2338 1436 2404 quse

378 2429 395 2453 “
418 2420 594 2495 dimiserat,
629 2422 780 2488 manibus
819 2422 972 2507 expansis
1003 2422 1040 2485 in
1071 2421 1192 2487 coelum
1224 2421 1436 2500 exclamavit,

378 2530 395 2555 ‘¹
419 2521 558 2606 ‘Papral
596 2544 704 2587 nonne
741 2523 864 2589 mortui
887 2523 973 2599 estis,
1012 2522 1106 2589 filioli
1143 2523 1250 2588 mcil'
1314 2521 1437 2601 ‘Non,'

379 2637 394 2659 ‘⁶
418 2627 595 2710 inquiunt;
611 2626 765 2712 ‘quidum
781 2630 834 2693 vir
849 2628 933 2693 albis
948 2627 1086 2692 indutus
1100 2628 1195 2692 nobis
1206 2626 1301 2693 dedit
1315 2648 1435 2713 panem

379 2737 395 2762 “
420 2735 476 2793 ‘et
510 2751 616 2796 vacue
646 2731 790 2796 lienum?
849 2731 893 2795 Et
923 2732 1101 2798 secundum
1132 2731 1305 2796 modulum
1337 2752 1436 2796 suum

380 2838 596 2917 “martyrem
631 2833 857 2909 describentes,
882 2834 983 2899 etiam
1020 2834 1056 2897 in
1089 2838 1324 2921 argumentum
1357 2832 1436 2898 fidei

379 2944 395 2968 “
418 2934 512 3021 panis
535 2942 569 3002 et
592 2936 673 3002 foeni
696 2936 1111 3022 1111111111011111111111111.η

604 3206 705 3293 (lon.)
730 3206 777 3274 Dc
796 3228 905 3295 patero
928 3204 1059 3273 tribuni
1080 3210 1220 3273 nwrtne.

213 3392 238 3441 A
252 3393 342 3456 boyin
425 3380 567 3461 Quidam
589 3403 656 3446 nou
679 3381 832 3466 ignobilis
856 3381 896 3445 de
919 3402 1003 3468 pago
1019 3380 1325 3458 Northamtonensi,
1339 3382 1436 3468 cujus

211 3458 499 3574 gffinp'nomen
520 3504 588 3548 non
623 3483 907 3568 interrogavimus
931 3483 1126 3549 miraculum
1158 3483 1239 3549 scire
1272 3485 1434 3562 contenti,

212 3589 323 3652 revives,
380 3583 473 3647 nobis
505 3584 611 3649 filium
633 3606 729 3649 suum
767 3586 930 3650 triennem
964 3586 1093 3652 circiter
1131 3584 1301 3666 exhibuit5
1333 3608 1435 3673 quem

212 3658 352 3789 {effingly
380 3685 552 3753 decessisse
586 3692 773 3755 constanter
804 3688 953 3768 assernit,
977 3693 1011 3753 et
1045 3687 1263 3754 reviviscendi
1294 3689 1435 3755 modum

213 3791 285 3842 dean
381 3791 517 3876 apernit.
564 3790 652 3857 Nam
686 3791 856 3877 exspirans
879 3795 954 3876 post
985 3790 1091 3855 morbi
1114 3789 1298 3855 molestiam
1331 3811 1434 3878 quam

382 3893 451 3957 dics
484 3894 618 3979 aliquod
656 3894 823 3971 sustinuit,
862 3892 1105 3977 exsequialibus
1142 3892 1299 3978 impensis
1335 3893 1434 3980 quasi

381 4017 439 4079 per
463 4002 528 4060 tres
552 3996 649 4061 horas
671 3997 770 4061 funus
789 3996 904 4082 jacuit.
944 3994 1009 4059 Sed
1025 4016 1083 4080 per
1097 3999 1236 4061 matrem
1258 3993 1433 4081 lugentem

380 4101 415 4162 et
439 4098 600 4164 dicentem
624 4122 657 4165 se
680 4121 746 4163 non
769 4099 968 4165 credituram
991 4102 1141 4163 sanctum
1164 4097 1217 4162 vel
1248 4104 1434 4185 martyrem

381 4198 548 4279 Thornam,
572 4201 636 4265 nisi
660 4201 695 4265 in
718 4224 755 4265 co
780 4202 937 4266 vi1tutem
960 4221 1053 4266 suam
1077 4198 1284 4266 ostenderet.¹
1323 4250 1329 4265 .
1379 4248 1385 4265 .

391 4376 405 4381 -
416 4374 861 4383 -——-—-—--—-.-—-——-—
873 4373 1065 4382 --———·---—-
1072 4373 1136 4381 ω·-

415 4484 422 4515 ¹
441 4484 517 4536 Some
534 4486 616 4537 words
633 4482 774 4552 sigulfying
792 4484 834 4536 the
852 4482 941 4536 ehild's
963 4480 1113 4535 restoration
1132 4490 1159 4533 to
1178 4478 1221 4534 life
1240 4496 1336 4549 appear
1353 4490 1381 4536 to
1398 4485 1431 4536 be

381 4563 491 4616 ouitred.
