3316 6240
375 754 440 817 234
711 770 889 817 ulluAcULA
912 772 939 818 s.
962 772 1099 832 rnonn,
1295 760 1372 841 [mn.
1391 772 1425 817 n.

372 976 492 1040 aquam
515 955 648 1033 elicore;
679 954 736 1018 sed
767 956 885 1021 aretati
916 956 1043 1021 canales
1072 960 1227 1041 argutum
1254 957 1427 1022 cassabant

373 1054 551 1141 ingenium,
574 1076 641 1118 non
671 1054 781 1121 infusa
810 1056 936 1121 fluenta
967 1054 1194 1133 refundebant,
1218 1066 1294 1142 post
1315 1080 1425 1143 perac-

373 1161 446 1221 tum
483 1155 625 1222 officium
656 1156 737 1221 vitae
774 1158 890 1221 mortis
922 1157 1060 1241 imperio
1092 1179 1204 1242 parere
1236 1160 1424 1224 nescientes,

373 1258 509 1323 Dictum
532 1263 583 1323 est
605 1264 717 1322 autem
739 1259 818 1342 quia
840 1265 1026 1323 servaretur
1046 1282 1132 1343 aqua
1156 1259 1269 1325 Sancti
1292 1260 1425 1325 Themin

373 1358 409 1422 in
431 1359 504 1425 vico
526 1358 676 1435 finitimo,
701 1380 774 1442 quen
796 1361 901 1444 patris
931 1360 1134 1444 propositum
1157 1361 1299 1425 laborem
1325 1362 1425 1426 lenire

373 1466 483 1545 posset
516 1466 550 1523 et
580 1482 761 1524 moerorcm.
824 1460 913 1540 Quid
947 1482 1029 1545 opus
1062 1468 1112 1525 est
1149 1463 1341 1546 prolixitate
1379 1463 1425 1526 lo-

373 1562 520 1647 quendi?
564 1562 677 1626 Allata
699 1568 767 1639 ost3
797 1562 944 1626 conbibit
967 1564 1128 1626 exanimis
1151 1564 1297 1628 infusum
1320 1564 1426 1649 liquo-

372 1684 449 1726 rem.
496 1662 646 1726 Mirabile
670 1662 779 1727 dietul
810 1663 844 1725 vi
871 1664 1134 1747 supervenientis
1157 1686 1250 1749 aqum
1276 1666 1426 1750 protinus

372 1784 412 1827 oa
449 1784 522 1845 quio
560 1763 677 1827 vitalia
709 1763 842 1827 tenebat
879 1764 980 1847 coepit
1012 1763 1149 1828 effluere.
1208 1765 1290 1843 Quis
1324 1766 1427 1850 igitur

372 1868 471 1949 neget
503 1868 672 1947 potentem
706 1885 825 1947 aquam
858 1863 949 1928 illarn
984 1864 1106 1929 coelesti
1135 1866 1261 1929 virtute
1293 1867 1425 1939 moveri,

372 1968 407 2029 et
429 1963 591 2047 Spiritum
614 1964 745 2028 inesset
791 1964 835 2027 Et
857 1986 933 2028 vere
956 1965 1045 2029 dieas
1067 1966 1146 2049 quia
1177 1966 1320 2049 Spiritus
1342 1967 1425 2031 fera-

373 2071 429 2128 tur
451 2085 549 2149 super
571 2085 699 2147 aquam.
745 2065 903 2129 Videntes
935 2066 992 2149 qui
1020 2066 1184 2130 affuerant
1207 2067 1294 2149 quod
1318 2067 1426 2139 fiebat,

372 2166 414 2230 dc
445 2165 570 2230 coelcsti
603 2166 759 2230 beneficio
792 2189 858 2230 non
893 2167 1075 2253 ambigunt,
1100 2169 1197 2231 etde
1227 2168 1299 2231 vite
1332 2169 1425 2231 resti-

373 2267 498 2331 tuenda
519 2290 610 2351 spem
633 2267 830 2352 concipiunt.
877 2268 943 2331 Sed
973 2269 1113 2333 necdum
1140 2268 1277 2352 spiritus
1299 2270 1424 2353 corpori

371 2368 425 2433 vel
448 2373 556 2433 motus
579 2368 688 2432 infuit.
743 2367 862 2432 Noluit
892 2374 1019 2452 martyr
1049 2375 1198 2453 eruptum
1226 2368 1336 2432 subito
1359 2371 1424 2453 spi-

371 2468 474 2533 ritmn
506 2469 615 2534 subite
647 2468 827 2545 refundere,
851 2490 892 2533 ne
924 2470 1060 2533 fortasse
1093 2474 1267 2553 putaretur
1289 2492 1331 2534 ex
1354 2470 1426 2553 ipsa

372 2571 530 2635 facilitate
572 2591 639 2634 non
676 2571 749 2634 vita
786 2571 952 2655 privatum
991 2572 1170 2646 suscitasse,
1215 2571 1271 2635 sed
1309 2572 1425 2634 rivum

372 2672 521 2735 erexisse,
568 2672 769 2757 Conquievit
799 2672 911 2755 itaque
942 2694 981 2735 ea
1009 2678 1104 2737 nocte
1128 2672 1267 2756 frigidus
1291 2679 1324 2736 et
1348 2673 1425 2757 rigi-

373 2774 442 2849 dus,
466 2774 656 2837 miserorum
680 2779 853 2859 parentum
877 2775 1070 2838 moestitiam
1101 2774 1301 2857 suspendens
1325 2775 1426 2839 donec

373 2878 504 2959 postera
526 2874 595 2938 dies
617 2875 756 2959 primam
780 2875 973 2959 produceret
994 2874 1116 2939 heram.
1163 2873 1255 2938 Tune
1277 2875 1425 2958 apmicns

372 2975 481 3040 oculos
503 2976 656 3060 spiritum
680 2976 809 3059 recepit.
857 2974 950 3055 Quod
984 2998 1057 3039 eum
1082 2976 1209 3039 videret
1231 2980 1324 3059 pater
1346 2976 1425 3059 ejus,

372 3084 407 3142 et
437 3077 507 3162 ipse
541 3078 694 3162 spiritum
726 3077 855 3161 recepit.
913 3077 1000 3140 Nam
1038 3082 1196 3161 tanquam
1234 3100 1255 3140 a
1287 3079 1424 3141 mortuis

371 3179 548 3244 suscitatus
585 3184 636 3244 est
673 3180 709 3242 iu
742 3179 870 3243 haerode
904 3201 964 3242 suo
1002 3179 1166 3243 suscitate.
1231 3179 1423 3261 Priusquam

371 3286 483 3346 autem
506 3281 576 3345 dies
599 3266 777 3357 timuisset,
800 3281 909 3345 eibum
934 3281 1076 3365 sumpsit
1106 3285 1141 3345 ct
1172 3280 1292 3364 passim
1315 3280 1423 3344 deam-

372 3381 510 3445 bulavit.

641 3628 720 3712 (72).
745 3628 793 3693 Dc
811 3626 1005 3713 paralytico
1027 3626 1145 3693 milite.

418 3798 631 3882 Consequens
659 3802 745 3859 esset
776 3796 927 3880 prosequi
962 3796 1003 3859 de
1035 3796 1138 3881 signis
1159 3796 1345 3875 similibns;
1368 3800 1424 3861 sed

372 3900 455 3964 solet
477 3899 668 3983 idemptitas
684 3898 910 3961 similitudinis
925 3919 1079 3982 generare
1103 3898 1279 3961 fastidium.
1327 3900 1424 3963 Unde

372 4002 505 4065 interim
537 4023 576 4064 ea
607 4000 756 4063 ducimus
789 3998 824 4061 in
854 3999 999 4063 medium
1024 4020 1097 4081 quse
1128 3998 1352 4062 fastidientem
1376 4024 1424 4063 re-

372 4123 480 4167 creare
502 4107 640 4186 possunt
662 4101 853 4164 auditorem.
901 4100 1008 4185 Igitur
1031 4100 1124 4163 miles
1140 4100 1265 4183 symon
1282 4101 1422 4184 paralysi

372 4224 544 4291 percussus
559 4204 705 4268 onmium
721 4202 941 4266 membrorum
964 4223 1096 4266 suorum
1114 4201 1259 4285 perdidit
1274 4204 1423 4267 ollieiunr.

373 4309 451 4373 Non
473 4309 543 4372 sine
578 4327 696 4384 cauum
726 4305 811 4369 nihil
843 4305 931 4369 enim
963 4306 1002 4368 lit
1024 4304 1094 4368 sine
1118 4325 1223 4368 eausa.
1271 4304 1426 4389 Namque.

372 4411 456 4475 ratio
479 4409 632 4494 posce-bat
655 4413 693 4469 ut
715 4413 807 4471 artus
830 4428 911 4490 (pios
934 4406 1059 4491 pridem
1081 4412 1230 4469 moveret
1253 4407 1424 4479 inutiliter,

373 4512 451 4575 dum
474 4510 581 4575 rabies
604 4509 732 4573 hostilis
756 4509 955 4591 inquietaret
990 4509 1120 4599 duplos,
1145 4508 1306 4573 subeunte
1338 4532 1425 4572 muro

371 4612 586 4697 benignitatis
602 4620 635 4675 et
650 4609 746 4695 pacis,
764 4609 934 4673 dissolutio
949 4622 1172 4693 compesceret,
1188 4634 1228 4675 no
1245 4612 1287 4675 ad
1304 4612 1425 4696 priores·
