3316 6240
381 748 447 811 432
716 762 896 811 nmacum
918 764 942 809 s.
967 763 1103 822 mona,
1291 748 1370 831 [um.
1387 763 1432 809 vr.

213 966 314 1045 Here·¹
428 950 554 1014 “Nune
576 972 754 1027 monemus,
780 951 906 1028 fratres,
928 951 1016 1035 quod
1039 951 1096 1035 qui
1112 956 1180 1014 stat
1195 956 1230 1014 et
1252 951 1433 1014 mundatus

213 1034 296 1149 iffi
304 1040 361 1150 h¹¹¹f2⁰
384 1060 400 1086 “
423 1059 474 1117 cst
510 1053 624 1117 videat
660 1076 701 1117 nc
736 1054 833 1117 eadat
856 1059 891 1116 et
920 1053 1124 1131 infimnetur3
1162 1073 1281 1137 pravos
1323 1058 1432 1116 motus

213 1166 318 1243 spathe
351 1137 400 1188 '“
422 1154 544 1218 mentis
578 1154 737 1230 cohibeat,
768 1176 810 1218 ne
842 1175 901 1238 per
937 1153 1213 1219 incontinentiam
1253 1154 1432 1219 recidivam

213 1232 320 1348 m·
383 1255 576 1320 “incurrat
624 1256 783 1340 Exemplo
822 1256 866 1318 sit
900 1255 1019 1319 nobilis
1057 1255 1128 1329 iste,
1153 1255 1210 1339 qui
1249 1262 1432 1339 postquam,

383 1364 399 1389 “
422 1357 509 1421 sieut
541 1357 693 1433 diximus,
716 1357 892 1421 sanitatem
908 1356 1047 1441 adeptus
1063 1361 1121 1430 est,
1137 1356 1258 1420 mentis
1281 1357 1376 1440 inops
1400 1362 1434 1420 et

383 1466 399 1491 “
422 1458 560 1523 rationis
576 1480 673 1543 egens
689 1459 812 1522 donata
834 1458 976 1522 sanitate
1000 1457 1102 1542 coepit
1117 1457 1219 1534 abuti,
1237 1458 1432 1542 fervensque

383 1568 400 1593 “
421 1566 519 1624 astate
554 1566 588 1624 ct
625 1560 709 1624 vitio
733 1560 853 1623 mentis
890 1581 949 1643 per
980 1559 1078 1623 devia
1110 1558 1252 1623 luxurias
1288 1581 1432 1644 praeceps

383 1670 399 1695 “
421 1661 511 1725 abiit.
560 1661 665 1742 Quem
688 1662 805 1725 videns
827 1667 956 1745 martyr
975 1683 1018 1723 ex
1033 1661 1190 1725 beneficio
1206 1660 1358 1725 sanitatis
1381 1660 1432 1723 in-

383 1761 545 1826 “firmari
581 1767 615 1826 et
646 1785 688 1825 ex
719 1761 961 1845 tranquillitate
998 1762 1140 1845 corporis
1173 1762 1317 1826 animam
1349 1782 1431 1825 nau-

383 1872 399 1896 “
421 1863 550 1949 fragori,
585 1864 795 1928 donationem
833 1885 926 1927 suam
964 1863 1004 1926 de
1038 1863 1114 1945 jure
1144 1864 1321 1938 revocavit,
1353 1863 1432 1948 quia

383 1973 399 1997 “
422 1971 576 2029 sanatum
591 1965 738 2028 attendit
766 1965 941 2048 ingratum,
961 1964 1171 2049 graviorique
1196 1986 1297 2028 manu
1320 1986 1432 2027 rursus

383 2074 399 2098 ‘⁴
422 2087 497 2129 eum
520 2065 689 2150 percussit.
733 2064 908 2129 Percussus
929 2070 1050 2140 autem,
1074 2086 1148 2129 cum
1172 2065 1279 2129 multa
1301 2071 1335 2129 et
1357 2065 1430 2128 diu-

382 2175 399 2200 “
422 2171 522 2231 tuma
553 2166 660 2232 vibice
692 2167 897 2252 plecteretur,
922 2164 1049 2231 discens
1084 2166 1188 2252 ipsius
1219 2166 1267 2231 rei
1304 2166 1431 2252 experi-

383 2275 399 2301 “
421 2273 533 2331 mento
577 2267 655 2352 quia
697 2267 816 2331 durum
860 2272 910 2331 est
953 2266 1095 2331 incidere
1138 2266 1172 2329 in
1211 2288 1329 2330 manus
1367 2266 1430 2331 Dei

383 2377 401 2401 “
423 2368 576 2444 viventis,
602 2373 816 2453 compunctus
840 2368 1010 2452 resipiscit,
1038 2368 1201 2432 medicum
1233 2367 1431 2453 interpellat,

384 2471 569 2535 “vulneris
599 2471 810 2536 acerbitatem
842 2471 994 2546 ostendit,
1025 2477 1060 2534 ot
1084 2471 1216 2534 veniam
1241 2478 1343 2557 rogat,
1371 2472 1430 2535 tri-

384 2580 400 2606 “
423 2573 568 2636 duanum
581 2572 746 2657 jejunium
767 2573 888 2657 repetit
910 2580 945 2637 et
975 2573 1231 2638 satisfactionem
1255 2574 1429 2658 promittit.

423 2675 539 2740 Nescit
560 2676 634 2759 pius
657 2681 784 2759 martyr
806 2676 967 2740 calamum
984 2682 1175 2760 quassatum
1195 2682 1369 2752 conterere,
1394 2682 1429 2741 et

421 2778 483 2841 sub
498 2798 589 2841 erasa
603 2778 748 2863 aerugine
764 2777 933 2842 vasculum
956 2777 1111 2863 frangere.
1148 2778 1430 2863 Cognoseente1n¹

383 2888 399 2913 “
422 2880 564 2965 seipsum
588 2880 760 2965 cognoscit,
792 2885 826 2943 et
864 2880 1144 2965 contemptibilem
1178 2881 1330 2945 sibinen
1354 2903 1429 2946 con-

383 2991 399 3015 “
422 2982 549 3046 temnit.
588 2980 686 3045 Unde
709 2986 784 3066 post
815 2986 981 3065 peractam
1014 2981 1245 3066 poenitentiam
1280 2982 1429 3067 pedestre

384 3091 400 3116 “
422 3082 638 3148 (lantuariam
677 3082 740 3146 iter
777 3081 926 3167 arripuit,
950 3083 1006 3166 qui
1042 3105 1100 3167 per
1133 3083 1314 3147 triennium
1357 3084 1429 3147 sino

383 3184 681 3248 “ministrantium
720 3184 875 3268 obsequio
913 3184 1028 3268 pedem
1067 3206 1134 3248 non
1172 3190 1328 3249 moverat.
1386 3185 1430 3249 Et

383 3296 399 3321 “
421 3287 526 3351 indies
559 3286 738 3372 proficiens,
777 3286 969 3371 priusquam
1006 3287 1048 3351 ad
1087 3286 1194 3352 locum
1233 3288 1428 3373 perveniret,

382 3396 399 3422 ‘¹
422 3387 643 3451 omnimodam
667 3387 844 3451 sanitatem
867 3392 901 3450 et
924 3386 1055 3451 solitam
1079 3388 1220 3473 corporis
1243 3388 1428 3472 agilitatem

382 3498 399 3523 “
421 3488 552 3572 reecpit,
567 3488 649 3552 adeo
665 3493 704 3551 ut
718 3493 785 3551 tres
800 3488 853 3551 vel
870 3495 1013 3572 quatuor
1035 3510 1135 3573 equos
1157 3488 1339 3553 transsilire
1362 3512 1429 3554 non

383 3600 399 3624 “
422 3588 560 3665 diffidat,
584 3594 619 3653 ct
645 3589 850 3654 infirmitatis
888 3590 1029 3675 vestigia
1065 3611 1131 3654 non
1159 3590 1320 3675 praeferat,
1344 3592 1430 3656 sicut

382 3702 398 3727 ‘¹
421 3691 543 3756 videtis
559 3691 853 3776 inpraesentiarum,
863 3692 891 3754 si
904 3692 1037 3756 defluxa
1051 3692 1197 3757 caesaries
1210 3698 1281 3757 tota
1290 3693 1428 3759 redeat.'’

515 3903 595 3987 (20.)
618 3902 666 3967 De
688 3901 847 3968 mormcbo
873 3902 1090 3967 Olnnieecnei
1112 3902 1295 3989 synam-ico.

211 4054 311 4114 Daniel,
424 4033 526 4098 Dicat
557 4033 636 4117 quid
671 4033 707 4096 in
738 4034 834 4097 domo
868 4033 1077 4099 Cluniacensi
1116 4035 1292 4119 contigerit
1329 4034 1429 4099 frater

212 4120 333 4252 ffikyff
380 4134 506 4210 Daniel,
530 4134 677 4219 ejusdem
707 4135 823 4199 domus
853 4135 1032 4199 monachus
1055 4141 1090 4199 et
1120 4136 1250 4200 abbatis
1272 4136 1427 4201 notarius.

211 4225 331 4305 curedis
381 4246 397 4271 “
420 4236 577 4312 Fratres,‘’
601 4236 718 4319 inquit,
751 4244 768 4269 “
784 4237 928 4302 secunda
950 4237 1031 4300 feria
1062 4237 1245 4305 Dominiceu
1269 4239 1429 4323 passionis

212 4322 313 4386 quinsy.
381 4348 397 4373 “
420 4338 655 4423 scriptitabem,
671 4359 731 4402 noe
746 4339 887 4403 vacabat
909 4338 991 4402 mihi
1007 4361 1046 4403 ca
1061 4340 1114 4404 die
1131 4340 1184 4404 vel
1207 4341 1334 4405 modico
1357 4340 1429 4405 cibo

381 4449 398 4475 ‘¹
420 4441 613 4525 alternaque
646 4440 758 4524 requie
785 4440 929 4505 laborem
953 4441 1114 4527 mitigare,
1138 4443 1195 4506 sed
1225 4442 1371 4507 defossus
1394 4449 1429 4507 ot

383 4580 563 4587 -....—
652 4579 704 4585 .-.
737 4580 817 4585 ...-..
853 4580 1188 4587 ————.-—
1214 4580 1416 4588 ———-.-—--

555 4638 562 4669 ¹
580 4636 640 4687 Non
653 4640 766 4703 inongly
777 4637 912 4689 interliued
922 4637 1008 4689 before
1020 4639 1068 4690 this
1081 4642 1149 4690 word
1161 4641 1185 4689 in
1198 4640 1254 4691 MS.
