3316 6240
377 797 420 859 34
755 810 838 858 vrrs
860 810 885 859 s
909 810 1048 869 raone,

378 1007 395 1032 “
417 998 567 1083 sapienti.
614 998 713 1063 Unde
746 998 895 1063 facienda
926 1019 985 1063 nos
1009 998 1121 1085 magni
1148 998 1281 1066 consilii
1303 1000 1441 1087 angelus

377 1110 395 1135 “
418 1107 453 1165 et
475 1101 589 1167 doceat
612 1105 646 1167 et
668 1100 851 1187 expediat.”

405 1354 485 1439 (25.)
509 1353 659 1419 Pordaca
681 1372 811 1418 cracem
832 1371 933 1416 suana
955 1349 1092 1435 ceponii
1114 1373 1146 1417 sc
1165 1349 1323 1437 periculo
1341 1374 1409 1439 pro

718 1450 906 1538 defessioac
929 1450 1073 1517 ecclesia.

212 1643 254 1693 ne
264 1652 349 1694 enarr
429 1628 546 1712 Itaque
578 1627 731 1691 concione
765 1625 908 1701 dimissa,
931 1622 1154 1709 parascedentes
1177 1625 1346 1711 episcopos
1361 1624 1438 1689 sub

212 1710 349 1840 ξξξᾷῗξῗ
383 1734 513 1793 secutus
530 1728 565 1792 in
580 1728 713 1801 curiam,
730 1726 868 1790 simulac
883 1725 1044 1810 palatium
1064 1725 1257 1811 ingreditur,
1280 1726 1320 1790 de
1335 1746 1453 1801 manu¹

212 1840 323 1892 hisown
382 1830 490 1895 clerici
523 1850 650 1894 crucem
683 1827 884 1903 transsumit,
909 1832 943 1891 et
966 1825 1114 1911 procedit
1136 1826 1179 1890 ad
1201 1847 1311 1891 aream
1334 1832 1437 1892 certa-

213 1922 290 1958 Μ·
382 1932 482 1995 minis
506 1930 725 2017 spiritualiter
748 1934 903 2003 armatae,
928 1927 1099 1993 Christum
1124 1928 1268 2004 imitans,
1293 1928 1350 2013 qui
1374 1928 1440 2013 pri-

382 2053 522 2116 usquam
554 2036 724 2117 pateretur
755 2052 882 2095 crucem
915 2050 1009 2094 sumn
1038 2029 1118 2094 tulit
1146 2033 1181 2094 ct
1205 2029 1288 2093 ferre
1318 2030 1439 2107 docuit,

383 2133 502 2209 diesne,
528 2131 620 2211 “Qui
637 2131 712 2194 vult
735 2130 847 2194 venire
871 2136 946 2214 post
967 2152 1028 2206 nro,
1053 2130 1194 2215 abneget
1216 2130 1437 2215 semetipsum,

383 2243 400 2268 “
423 2234 521 2299 tollat
542 2254 677 2309 crucem,
695 2236 729 2296 et
752 2237 909 2317 sequatur
923 2232 1003 2295 me.”
1050 2232 1115 2299 Oui
1138 2236 1346 2317 assurgentes
1368 2232 1438 2318 epi-

384 2338 481 2423 scopi,
496 2337 644 2423 graviter
660 2336 802 2400 ferentes
823 2334 911 2419 quod
935 2335 1005 2420 ipse
1028 2339 1148 2421 praeter
1169 2334 1438 2399 consuetudinem

383 2462 452 2505 suco
475 2440 580 2505 crucis
603 2438 734 2523 bajulus
757 2443 850 2514 esset,
867 2460 905 2502 co
929 2436 1017 2521 quod
1038 2444 1163 2502 temera
1182 2438 1439 2522 praesumptione

385 2540 509 2626 regiam
533 2540 743 2604 serenitatem
767 2538 884 2603 laedere
906 2538 1075 2602 videretur
1098 2544 1133 2603 et
1158 2542 1342 2623 suspectam
1365 2538 1439 2603 red-

383 2640 469 2717 dere,
485 2639 661 2704 hortantur
684 2639 772 2723 quod
795 2638 854 2701 uni
870 2659 982 2702 corum
1004 2638 1180 2703 deferenda
1202 2639 1437 2705 committatur.

213 2755 268 2831 Tne
390 2740 516 2805 Praesul
538 2739 788 2804 Heresordensis
811 2739 982 2816 Robertus‚
1011 2740 1065 2803 vir
1087 2740 1183 2804 bonae
1205 2740 1371 2806 memoriae
1405 2745 1442 2806 et

212 2822 346 2937 {fflr‘ssf
391 2842 504 2907 illaesae
526 2841 741 2917 eonscientiae,
766 2840 851 2926 petit
873 2860 945 2904 eam
968 2840 1032 2904 sibi
1055 2841 1224 2905 committi.

212 2960 323 3004 entreats
432 2944 498 3009 Sed
521 2949 555 3009 et
579 2943 817 3010 Londoniensis
840 2942 928 3007 idem
951 2941 1106 3027 postulat,
1122 2963 1268 3007 asserens
1290 2942 1353 3009 hoc
1374 2944 1439 3009 sibi

211 3020 285 3150 {223
293 3026 339 3137 ἷζε
394 3051 584 3132 competere,
600 3052 760 3130 tanquam
784 3043 1031 3109 cantuariensis
1055 3043 1197 3108 ecelesiae
1220 3044 1350 3109 decano.
1374 3044 1440 3111 Vo-

212 3167 290 3201 eroes.
386 3148 520 3231 lensquc
544 3154 578 3213 et
600 3167 668 3211 non
691 3146 805 3211 valens
828 3166 902 3209 eum
919 3145 967 3219 ,do
990 3146 1143 3209 manibus
1177 3145 1358 3231 bajulantis
1380 3168 1438 3211 ax-

211 3230 346 3359 ‘ffiopof
385 3252 545 3331 torquere,
570 3247 694 3311 excidit
716 3267 737 3311 a
763 3266 820 3331 spe
843 3245 1058 3331 promotionis
1080 3246 1222 3311 ambitae.
1265 3246 1439 3313 Ambicrat

213 3361 322 3438 leucon
387 3348 550 3433 siquidem
569 3347 699 3413 culmen
715 3348 886 3433 primatiae,
903 3354 938 3413 et
954 3348 1166 3433 promissione
1183 3348 1340 3414 delinitus
1355 3354 1438 3414 tem-

213 3434 311 3477 ²¹¹⁰⁸t⁰
385 3470 447 3534 pus
479 3448 683 3533 expectabat,
716 3454 750 3512 ct
779 3449 850 3533 jam
884 3449 1037 3534 sperabat
1070 3450 1190 3525 adosse,
1215 3471 1279 3534 quo
1302 3450 1438 3535 primati

213 3500 288 3542 wrest
299 3492 320 3541 it

212 3558 278 3607 from
290 3558 333 3607 the
385 3554 599 3615 exauctorato
629 3549 892 3613 substitueretur.
941 3548 1007 3614 Sed
1030 3550 1109 3635 quia
1132 3572 1228 3615 nemo
1250 3550 1315 3615 sibi
1338 3552 1442 3617 sumit

210 3623 310 3753 ffiop
385 3650 541 3717 honorem
564 3651 629 3715 nisi
653 3651 710 3737 qui
734 3655 871 3717 vocatur
893 3671 914 3716 a
936 3650 1007 3717 Deo
1030 3656 1189 3737 tanquam
1212 3653 1332 3729 Aaron,

515 3795 778 3860 Anrbitiosanrm
801 3795 901 3880 periit
927 3816 1001 3879 spes
1024 3795 1275 3873 Londoniarum,

520 3896 698 3981 Invitoque
722 3896 829 3962 Chore
852 3895 1058 3959 Dorobcrnia
1081 3895 1183 3980 pollet
1205 3896 1334 3961 honore.

212 4050 269 4127 'rhe
280 4052 352 4101 arch·
432 4044 528 4108 Nulli
552 4044 663 4128 itaque
686 4065 780 4109 eruco
804 4044 984 4121 commissa,
1008 4045 1176 4130 processit,
1193 4052 1228 4111 et
1243 4046 1359 4111 sedens
1380 4068 1439 4111 ex·

211 4118 302 4181 brshop
636 4146 642 4159 ·
1105 4148 1111 4161 .
1202 4171 1205 4176 Ι

211 4185 358 4234 ratium·
385 4146 555 4233 spectabat
588 4146 668 4229 qurd
704 4151 818 4210 contra
852 4168 886 4210 se
921 4147 1021 4210 fieret.
1068 4146 1312 4213 Dilabcbantur
1334 4149 1377 4213 ab
1399 4170 1438 4215 co

212 4248 341 4311 ”lieth
383 4248 444 4325 sui,
469 4251 508 4311 ut
531 4246 594 4310 sibi
618 4247 769 4331 crucique
794 4246 1041 4332 relinqueretur,
1064 4253 1099 4311 et
1121 4247 1218 4313 unico
1249 4248 1437 4327 collaterali,

210 4325 353 4431 ppgptten-
384 4372 490 4436 quem,
523 4348 640 4413 videns
673 4348 758 4413 curis
791 4352 825 4413 et
859 4348 1113 4435 cogitationibus
1151 4350 1327 4436 direptum,
1361 4354 1436 4415 tan·

384 4473 483 4537 quam
515 4450 670 4515 timidum
702 4449 883 4534 compellat.
934 4450 1098 4527 “Timeo''
1123 4451 1235 4535 inquit
1271 4452 1335 4529 ille,
1369 4460 1436 4515 “ne

383 4562 400 4587 “
422 4554 518 4618 nobis
542 4552 735 4618 cadentibus
758 4552 856 4617 hodie
879 4552 978 4617 cadat
1000 4552 1138 4617 libertas
1166 4554 1316 4629 eeclesiae,
1341 4554 1436 4617 dum-

383 4663 401 4689 “
424 4676 488 4740 que
505 4655 634 4720 timoris
657 4654 817 4741 angulum
841 4655 1020 4739 quaerimus
1045 4660 1080 4719 et
1102 4655 1212 4719 minus
1227 4656 1439 4740 providemus
