3316 6240
366 757 410 826 74
470 790 480 807 ·
748 766 831 816 vrrs
853 769 878 816 s
901 767 1039 827 raone,

366 962 383 989 “
406 954 509 1020 vestri
540 954 749 1040 praesentiam
781 975 883 1030 suam,
907 957 947 1018 ut
968 974 989 1018 a
1010 950 1274 1018 mansuetudinis
1295 957 1418 1018 nostra

366 1056 505 1121 “titulo
537 1062 641 1120 terras
673 1077 750 1120 suas
788 1054 1003 1141 possideant.’'
1050 1054 1124 1134 Quo
1162 1053 1250 1119 facto
1287 1052 1417 1118 nobiles

366 1159 501 1244 quidam
524 1165 558 1223 et
579 1159 669 1244 prior
692 1159 733 1223 de
755 1159 869 1224 Monte
892 1158 955 1223 Dei
989 1163 1215 1224 convenerunt
1248 1156 1417 1235 'lhomam

365 1262 510 1328 dicentes
533 1285 567 1328 se
590 1263 621 1327 ei
644 1263 734 1327 viam
757 1262 846 1348 pacis
868 1261 1043 1341 invenisse,
1059 1263 1088 1326 si
1111 1260 1247 1327 consilio
1269 1260 1416 1346 ipsorum

365 1363 434 1448 ipse
457 1369 568 1439 staret,
584 1363 818 1447 dominumque
841 1385 938 1426 suum
961 1363 1008 1427 ibi
1031 1363 1183 1427 futurum
1199 1359 1416 1427 amicitiorem

365 1488 464 1551 quam
496 1467 597 1531 fuerit
627 1472 714 1532 retro
746 1467 899 1531 omnibus
922 1467 1046 1543 diebus,
1070 1472 1105 1531 et
1134 1472 1256 1532 terram
1279 1465 1351 1551 ejus
1373 1465 1417 1530 ad

360 1569 490 1653 jussum
522 1592 618 1634 suum
646 1569 839 1654 proniorem,
871 1569 900 1633 si
931 1591 1030 1654 quam
1065 1570 1161 1635 decet
1189 1567 1416 1632 humilitatem

364 1678 399 1737 et
420 1673 638 1738 reverentiam
661 1673 692 1736 ei
716 1693 823 1737 coram
839 1672 1057 1757 optimatibus
1079 1673 1148 1736 suis
1171 1677 1206 1736 et
1221 1670 1417 1756 alienigenis

363 1772 541 1851 exhiberet,
564 1774 697 1858 litisque
732 1796 800 1838 sure
824 1774 1020 1839 decisionem
1055 1773 1127 1858 ejus
1149 1773 1287 1837 arbitrio
1316 1771 1415 1837 relin-

364 1881 485 1958 queret.
531 1875 714 1960 Adquievit
728 1874 997 1961 archiepiscopus,
1014 1879 1049 1938 et
1063 1874 1235 1939 concidens
1259 1873 1301 1937 ad
1316 1873 1416 1958 pedes

364 1976 457 2060 regis,
481 1976 538 2059 qui
571 1998 604 2040 se
637 1976 789 2041 similiter
826 1999 844 2040 e
878 1976 1011 2061 regione
1046 1975 1192 2060 projecit,
1225 1974 1321 2051 dixit,
1356 1973 1415 2038 diu

364 2077 451 2141 inter
483 2077 569 2162 ipsos
603 2078 726 2142 versari
761 2080 1026 2154 controversiam,
1051 2099 1126 2162 quae
1149 2098 1210 2141 nec
1239 2075 1415 2140 animabus

282 2229 289 2242 .
364 2179 517 2263 ipsorum,
533 2200 593 2244 nec
615 2200 722 2265 regne,
746 2202 806 2246 nec
828 2181 999 2265 expediret
1022 2179 1173 2246 ecclesiae.
1220 2178 1271 2243 De
1288 2183 1414 2255 caetero,

363 2280 568 2345 committere
600 2280 782 2345 sinceritati
817 2281 888 2365 ejus
921 2303 955 2347 se
979 2287 1013 2346 et
1047 2302 1108 2345 sua
1142 2279 1355 2365 expedienda,
1379 2285 1414 2344 et

362 2402 493 2446 carmem
516 2402 590 2464 quae
614 2381 702 2445 inter
724 2381 813 2466 ipsos
837 2382 980 2446 vertitur
1011 2380 1267 2446 examinandam
1301 2385 1336 2444 et
1359 2380 1414 2444 de-

362 2484 541 2560 cidendam,
567 2483 683 2548 “salvo
721 2484 844 2548 honore
867 2483 956 2548 Dei.'’
1003 2483 1076 2548 Rex
1110 2505 1188 2549 vero
1220 2484 1416 2549 causabatur

362 2587 590 2668 verbumque
624 2585 772 2649 salvatur
802 2584 907 2649 honor
929 2585 1002 2661 Dei,
1026 2590 1060 2649 et
1083 2585 1139 2662 ait,
1164 2585 1322 2649 “Pridem
1356 2606 1415 2650 uos

363 2695 380 2720 “
402 2688 439 2750 in
460 2686 523 2753 hoe
548 2687 649 2751 verbo
672 2685 926 2752 circumvenisti.
974 2684 1160 2750 Contentus
1175 2690 1246 2750 esto
1268 2685 1414 2771 postula·

358 2796 380 2841 ·“
403 2787 549 2853 tionibus
570 2786 733 2872 majorum
748 2791 891 2852 tuorum.
931 2785 1057 2851 Cohibe
1072 2786 1293 2871 arrogantiam
1315 2785 1414 2851 istam

363 2898 380 2925 “
402 2891 444 2954 ad
467 2912 579 2955 eorum
601 2889 797 2953 modestiam
820 2909 960 2972 quorum
990 2887 1140 2973 reliquiae
1170 2892 1345 2952 servantur
1378 2888 1415 2951 in

362 3001 379 3026 ‘¹
401 3014 481 3058 auro
504 2998 539 3056 ot
560 2995 705 3077 argente,
729 2990 895 3054 sustinens
926 3011 1036 3075 regem
1059 2994 1094 3053 et
1116 2988 1286 3054 dominum
1309 2994 1415 3065 tuum,

362 3104 379 3129 “
402 3095 439 3158 in
461 3095 581 3178 quibus
605 3094 785 3158 decessores
808 3113 897 3156 meos
920 3091 1082 3157 sustinere
1105 3095 1285 3176 potuerrmt
1307 3091 1415 3156 deces-

363 3204 380 3231 “
403 3217 490 3260 sores
514 3195 565 3258 tui
600 3194 657 3278 qui
680 3193 817 3256 virtutis
839 3193 956 3257 merito
980 3193 1189 3258 sanctitatem
1216 3199 1414 3258 meruerrmt.

362 3305 379 3331 “
401 3295 560 3359 iudicent
598 3294 654 3379 qui
693 3299 870 3378 praesentes
911 3301 990 3358 srmt
1028 3295 1115 3359 inter
1152 3315 1220 3371 nos,
1263 3295 1290 3358 si
1329 3315 1416 3359 com-

363 3397 569 3483 “promittis
616 3397 652 3460 in
683 3395 782 3460 illos.''
843 3396 992 3461 Audiens
1038 3395 1229 3480 hujusmodi
1277 3395 1415 3460 formam

362 3498 602 3574 transactionis,
627 3519 701 3582 queo
732 3497 874 3582 quadam
909 3498 1014 3582 speeie
1046 3496 1254 3562 rectitudinis
1287 3496 1418 3562 nitebat

362 3600 516 3677 exterius,
553 3620 614 3664 rex
651 3599 851 3664 Francorum
890 3598 938 3663 ait
975 3620 1068 3683 posse
1103 3597 1134 3662 ei
1168 3620 1242 3682 quae
1280 3603 1416 3683 potuere

362 3704 485 3769 sanctis
508 3701 662 3768 sufficere.
710 3700 776 3764 Sed
799 3706 833 3764 et
847 3700 1023 3784 optimates
1040 3698 1241 3765 Francorum
1257 3699 1416 3764 dixerunt

362 3808 403 3871 de
438 3812 557 3872 cetero
595 3826 662 3868 uon
696 3802 888 3866 habiturum
922 3824 998 3866 eum
1022 3823 1206 3887 regressum
1240 3801 1284 3866 ad
1306 3823 1349 3878 se,
1384 3802 1414 3865 si

361 3909 495 3972 modum
518 3903 750 3991 postulationis
774 3903 932 3967 excedens
967 3902 1088 3967 debitis
1121 3909 1207 3967 stare
1241 3908 1414 3967 recusaret.

362 4008 634 4091 Archiepiseopus
671 4025 749 4067 vero
783 4003 998 4068 nihilominus
1030 4004 1066 4066 in
1100 4004 1200 4068 verbo
1238 4003 1416 4088 persistens

361 4109 417 4184 ait,
442 4107 514 4170 “Et
536 4106 564 4169 si
587 4106 623 4167 in
646 4124 763 4167 manus
788 4103 1021 4169 Saracenorum
1045 4105 1196 4190 captivus
1218 4103 1413 4180 incidissem,

362 4218 379 4245 “
400 4231 468 4274 non
501 4206 583 4270 mihi
617 4205 819 4270 omittendus
857 4210 927 4271 erat
959 4206 1064 4271 honor
1093 4207 1155 4270 isto
1190 4207 1248 4290 qui
1278 4206 1315 4268 in
1345 4227 1413 4269 om-

362 4322 378 4346 “
402 4312 500 4376 nibus
538 4316 572 4374 et
616 4308 659 4372 ab
704 4308 855 4373 omnibus
898 4308 1093 4393 (quaerendus
1140 4307 1217 4372 est.''
1263 4306 1308 4369 Et
1344 4328 1413 4370 non

361 4415 472 4499 potuit
494 4411 683 4495 extorqueri
709 4411 846 4473 verbum
870 4409 960 4472 istud
982 4409 1025 4472 ab
1046 4430 1100 4472 ore
1133 4409 1211 4493 ojus.
1258 4404 1414 4493 Digredi-

361 4517 492 4581 entibus
508 4516 619 4598 itaque
636 4512 767 4597 regibus
783 4512 853 4575 ibat
869 4510 1010 4574 Thomas
1025 4510 1172 4595 gaudens
1188 4516 1222 4574 et
1243 4509 1413 4573 exsultans

361 4618 449 4702 quod
472 4617 514 4680 ob
536 4616 692 4680 honorem
716 4613 778 4676 Dei
803 4611 982 4675 inhonorus
1004 4611 1187 4688 haberetur,
1219 4617 1413 4696 tantamque
