<?xml version="1.0" encoding="UTF-8"?>
<!DOCTYPE html PUBLIC "-//W3C//DTD XHTML 1.0 Transitional//EN"
    "http://www.w3.org/TR/xhtml1/DTD/xhtml1-transitional.dtd">
<html xmlns="http://www.w3.org/1999/xhtml" xml:lang="en" lang="en">
 <head>
  <title>
</title>
<meta http-equiv="Content-Type" content="text/html;charset=utf-8" />
  <meta name='ocr-system' content='tesseract 3.04.00' />
  <meta name='ocr-capabilities' content='ocr_page ocr_carea ocr_par ocr_line ocrx_word'/>
</head>
<body>
  <div class='ocr_page' id='page_1' title='image "./materialsforhis01robegoog_0269.png"; bbox 0 0 3316 6240; ppageno 0'>
   <div class='ocr_carea' id='block_1_1' title="bbox 364 764 1411 846">
    <p class='ocr_par' dir='ltr' id='par_1_1' title="bbox 364 764 1411 846">
     <span class='ocr_line' id='line_1_1' title="bbox 364 764 1411 846; baseline -0.001 -21"><span class='ocrx_word' id='word_1_1' title='bbox 364 764 430 825; x_wconf 93' lang='grc'><strong>222</strong></span> <span class='ocrx_word' id='word_1_2' title='bbox 697 778 876 827; x_wconf 73' lang='lat' dir='ltr'><strong>araneum</strong></span> <span class='ocrx_word' id='word_1_3' title='bbox 899 779 926 827; x_wconf 89' lang='lat' dir='ltr'><strong>s.</strong></span> <span class='ocrx_word' id='word_1_4' title='bbox 950 779 1087 839; x_wconf 76' lang='lat' dir='ltr'><strong>anona,</strong></span> <span class='ocrx_word' id='word_1_5' title='bbox 1278 764 1357 846; x_wconf 81' lang='lat' dir='ltr'><strong>[ara.</strong></span> <span class='ocrx_word' id='word_1_6' title='bbox 1374 778 1411 825; x_wconf 91' lang='lat'><strong>11.</strong></span> 
     </span>
    </p>
   </div>
   <div class='ocr_carea' id='block_1_2' title="bbox 649 977 1121 1064">
    <p class='ocr_par' dir='ltr' id='par_1_2' title="bbox 649 977 1121 1064">
     <span class='ocr_line' id='line_1_2' title="bbox 649 977 1121 1064; baseline -0.002 -21"><span class='ocrx_word' id='word_1_7' title='bbox 649 978 727 1063; x_wconf 83' lang='grc'>(63.)</span> <span class='ocrx_word' id='word_1_8' title='bbox 752 978 799 1043; x_wconf 87' lang='lat' dir='ltr'><strong>De</strong></span> <span class='ocrx_word' id='word_1_9' title='bbox 821 977 955 1043; x_wconf 76' lang='lat' dir='ltr'><strong>(lambres</strong></span> <span class='ocrx_word' id='word_1_10' title='bbox 977 978 1121 1064; x_wconf 80' lang='lat' dir='ltr'><strong>leprosis.</strong></span> 
     </span>
    </p>
   </div>
   <div class='ocr_carea' id='block_1_3' title="bbox 140 1106 1409 1796">
    <p class='ocr_par' dir='ltr' id='par_1_3' title="bbox 140 1106 1409 1796">
     <span class='ocr_line' id='line_1_3' title="bbox 140 1106 1409 1191; baseline 0 -22"><span class='ocrx_word' id='word_1_11' title='bbox 140 1140 143 1149; x_wconf 81' lang='lat'><em>=</em></span> <span class='ocrx_word' id='word_1_12' title='bbox 196 1106 340 1157; x_wconf 74' lang='lat' dir='ltr'><strong>Tvomore</strong></span> <span class='ocrx_word' id='word_1_13' title='bbox 409 1106 512 1171; x_wconf 83' lang='lat' dir='ltr'><strong>Taceo</strong></span> <span class='ocrx_word' id='word_1_14' title='bbox 550 1106 631 1169; x_wconf 82' lang='lat' dir='ltr'><strong>duas</strong></span> <span class='ocrx_word' id='word_1_15' title='bbox 678 1106 886 1191; x_wconf 82' lang='lat' dir='ltr'><strong>Angligenas,</strong></span> <span class='ocrx_word' id='word_1_16' title='bbox 933 1129 1120 1191; x_wconf 79' lang='lat' dir='ltr'><strong>quanquam</strong></span> <span class='ocrx_word' id='word_1_17' title='bbox 1167 1107 1265 1190; x_wconf 69' lang='lat' dir='ltr'><strong>leprae</strong></span> <span class='ocrx_word' id='word_1_18' title='bbox 1313 1111 1409 1170; x_wconf 89' lang='lat' dir='ltr'><strong>notas</strong></span> 
     </span>
     <span class='ocr_line' id='line_1_4' title="bbox 194 1172 1405 1300; baseline -0.001 -28"><span class='ocrx_word' id='word_1_19' title='bbox 194 1172 309 1300; x_wconf 52' lang='lat' dir='ltr'><strong>fflu‘if</strong></span> <span class='ocrx_word' id='word_1_20' title='bbox 365 1208 531 1283; x_wconf 62' lang='lat' dir='ltr'><strong>halantes,</strong></span> <span class='ocrx_word' id='word_1_21' title='bbox 554 1215 665 1272; x_wconf 82' lang='lat' dir='ltr'><strong>tamen</strong></span> <span class='ocrx_word' id='word_1_22' title='bbox 700 1230 797 1272; x_wconf 88' lang='lat' dir='ltr'><strong>causa</strong></span> <span class='ocrx_word' id='word_1_23' title='bbox 819 1208 917 1294; x_wconf 82' lang='lat' dir='ltr'><strong>lepnu</strong></span> <span class='ocrx_word' id='word_1_24' title='bbox 952 1209 1084 1293; x_wconf 89' lang='lat' dir='ltr'><strong>penitus</strong></span> <span class='ocrx_word' id='word_1_25' title='bbox 1107 1214 1261 1273; x_wconf 87' lang='lat' dir='ltr'><strong>carentes.</strong></span> <span class='ocrx_word' id='word_1_26' title='bbox 1317 1208 1405 1286; x_wconf 78' lang='lat' dir='ltr'><strong>Quas</strong></span> 
     </span>
     <span class='ocr_line' id='line_1_5' title="bbox 196 1307 1409 1393; baseline -0.004 -20"><span class='ocrx_word' id='word_1_27' title='bbox 196 1318 302 1353; x_wconf 81' lang='lat' dir='ltr'><strong>women.</strong></span> <span class='ocrx_word' id='word_1_28' title='bbox 363 1332 406 1373; x_wconf 82' lang='lat' dir='ltr'><strong>ex</strong></span> <span class='ocrx_word' id='word_1_29' title='bbox 429 1310 568 1383; x_wconf 88' lang='lat' dir='ltr'><strong>nomine,</strong></span> <span class='ocrx_word' id='word_1_30' title='bbox 592 1308 669 1384; x_wconf 87' lang='lat' dir='ltr'><strong>loce,</strong></span> <span class='ocrx_word' id='word_1_31' title='bbox 693 1315 727 1371; x_wconf 93' lang='lat' dir='ltr'><strong>et</strong></span> <span class='ocrx_word' id='word_1_32' title='bbox 748 1331 865 1393; x_wconf 90' lang='lat' dir='ltr'><strong>genere</strong></span> <span class='ocrx_word' id='word_1_33' title='bbox 888 1309 1058 1393; x_wconf 83' lang='lat' dir='ltr'><strong>designare</strong></span> <span class='ocrx_word' id='word_1_34' title='bbox 1074 1331 1248 1393; x_wconf 75' lang='lat' dir='ltr'>possemus,</span> <span class='ocrx_word' id='word_1_35' title='bbox 1265 1308 1292 1371; x_wconf 90' lang='lat' dir='ltr'><strong>si</strong></span> <span class='ocrx_word' id='word_1_36' title='bbox 1316 1307 1409 1371; x_wconf 88' lang='lat' dir='ltr'><strong>sasti-</strong></span> 
     </span>
     <span class='ocr_line' id='line_1_6' title="bbox 364 1407 1403 1492; baseline -0.003 -19"><span class='ocrx_word' id='word_1_37' title='bbox 364 1410 455 1473; x_wconf 89' lang='lat' dir='ltr'><strong>dium</strong></span> <span class='ocrx_word' id='word_1_38' title='bbox 488 1409 523 1471; x_wconf 90' lang='lat' dir='ltr'><strong>in</strong></span> <span class='ocrx_word' id='word_1_39' title='bbox 555 1408 606 1471; x_wconf 91' lang='lat' dir='ltr'><strong>his</strong></span> <span class='ocrx_word' id='word_1_40' title='bbox 641 1407 762 1492; x_wconf 85' lang='lat' dir='ltr'><strong>legenti</strong></span> <span class='ocrx_word' id='word_1_41' title='bbox 797 1409 966 1485; x_wconf 73' lang='lat' dir='ltr'><strong>vitaretur,</strong></span> <span class='ocrx_word' id='word_1_42' title='bbox 999 1410 1053 1473; x_wconf 90' lang='lat' dir='ltr'><strong>vel</strong></span> <span class='ocrx_word' id='word_1_43' title='bbox 1087 1410 1130 1473; x_wconf 92' lang='lat' dir='ltr'><strong>ad</strong></span> <span class='ocrx_word' id='word_1_44' title='bbox 1152 1409 1403 1473; x_wconf 75' lang='lat' dir='ltr'><strong>aedificationem</strong></span> 
     </span>
     <span class='ocr_line' id='line_1_7' title="bbox 363 1508 1409 1595; baseline -0.001 -21"><span class='ocrx_word' id='word_1_45' title='bbox 363 1510 568 1574; x_wconf 66' lang='lat' dir='ltr'><strong>auelientium</strong></span> <span class='ocrx_word' id='word_1_46' title='bbox 592 1508 638 1573; x_wconf 91' lang='lat' dir='ltr'><strong>sic</strong></span> <span class='ocrx_word' id='word_1_47' title='bbox 672 1510 875 1573; x_wconf 74' lang='lat' dir='ltr'><strong>invitaretur.</strong></span> <span class='ocrx_word' id='word_1_48' title='bbox 923 1510 988 1574; x_wconf 82' lang='lat' dir='ltr'><strong>Sed</strong></span> <span class='ocrx_word' id='word_1_49' title='bbox 1023 1512 1102 1594; x_wconf 89' lang='lat' dir='ltr'><strong>quia</strong></span> <span class='ocrx_word' id='word_1_50' title='bbox 1125 1512 1246 1574; x_wconf 84' lang='lat' dir='ltr'><strong>veritas</strong></span> <span class='ocrx_word' id='word_1_51' title='bbox 1269 1531 1409 1595; x_wconf 88' lang='lat' dir='ltr'><strong>evange-</strong></span> 
     </span>
     <span class='ocr_line' id='line_1_8' title="bbox 363 1610 1407 1695; baseline 0.002 -22"><span class='ocrx_word' id='word_1_52' title='bbox 363 1611 426 1677; x_wconf 89' lang='lat' dir='ltr'><strong>lica</strong></span> <span class='ocrx_word' id='word_1_53' title='bbox 448 1612 558 1676; x_wconf 87' lang='lat' dir='ltr'><strong>decem</strong></span> <span class='ocrx_word' id='word_1_54' title='bbox 581 1610 722 1695; x_wconf 91' lang='lat' dir='ltr'><strong>leprosos</strong></span> <span class='ocrx_word' id='word_1_55' title='bbox 745 1611 891 1688; x_wconf 87' lang='lat' dir='ltr'><strong>mundat,</strong></span> <span class='ocrx_word' id='word_1_56' title='bbox 909 1618 942 1675; x_wconf 90' lang='lat' dir='ltr'><strong>et</strong></span> <span class='ocrx_word' id='word_1_57' title='bbox 957 1612 1122 1675; x_wconf 88' lang='lat' dir='ltr'><strong>neminem</strong></span> <span class='ocrx_word' id='word_1_58' title='bbox 1139 1634 1251 1675; x_wconf 90' lang='lat' dir='ltr'><strong>eorum</strong></span> <span class='ocrx_word' id='word_1_59' title='bbox 1274 1611 1407 1676; x_wconf 88' lang='lat' dir='ltr'><strong>nomine</strong></span> 
     </span>
     <span class='ocr_line' id='line_1_9' title="bbox 362 1712 1406 1796; baseline -0.002 -20"><span class='ocrx_word' id='word_1_60' title='bbox 362 1712 545 1787; x_wconf 86' lang='lat' dir='ltr'><strong>denuntiat,</strong></span> <span class='ocrx_word' id='word_1_61' title='bbox 580 1712 702 1775; x_wconf 79' lang='lat' dir='ltr'><strong>dixisse</strong></span> <span class='ocrx_word' id='word_1_62' title='bbox 739 1712 880 1776; x_wconf 87' lang='lat' dir='ltr'><strong>sufficiat</strong></span> <span class='ocrx_word' id='word_1_63' title='bbox 902 1714 1083 1796; x_wconf 79' lang='lat' dir='ltr'><strong>suppressis</strong></span> <span class='ocrx_word' id='word_1_64' title='bbox 1106 1714 1295 1777; x_wconf 82' lang='lat' dir='ltr'><strong>nominibus</strong></span> <span class='ocrx_word' id='word_1_65' title='bbox 1319 1712 1406 1796; x_wconf 88' lang='lat' dir='ltr'><strong>quod</strong></span> 
     </span>
    </p>
   </div>
   <div class='ocr_carea' id='block_1_4' title="bbox 362 1812 1097 1899">
    <p class='ocr_par' dir='ltr' id='par_1_4' title="bbox 362 1812 1097 1899">
     <span class='ocr_line' id='line_1_10' title="bbox 362 1812 1097 1899; baseline 0.003 -23"><span class='ocrx_word' id='word_1_66' title='bbox 362 1836 476 1881; x_wconf 88' lang='lat' dir='ltr'><strong>verum</strong></span> <span class='ocrx_word' id='word_1_67' title='bbox 500 1819 550 1878; x_wconf 88' lang='lat' dir='ltr'><strong>est</strong></span> <span class='ocrx_word' id='word_1_68' title='bbox 572 1819 606 1877; x_wconf 88' lang='lat' dir='ltr'><strong>et</strong></span> <span class='ocrx_word' id='word_1_69' title='bbox 629 1812 716 1898; x_wconf 87' lang='lat' dir='ltr'><strong>quod</strong></span> <span class='ocrx_word' id='word_1_70' title='bbox 739 1813 842 1877; x_wconf 90' lang='lat' dir='ltr'><strong>oculis</strong></span> <span class='ocrx_word' id='word_1_71' title='bbox 865 1816 1097 1899; x_wconf 83' lang='lat' dir='ltr'><strong>perspeximus.</strong></span> 
     </span>
    </p>
   </div>
   <div class='ocr_carea' id='block_1_5' title="bbox 634 1966 1118 2051">
    <p class='ocr_par' dir='ltr' id='par_1_5' title="bbox 634 1966 1118 2051">
     <span class='ocr_line' id='line_1_11' title="bbox 634 1966 1118 2051; baseline -0.002 -20"><span class='ocrx_word' id='word_1_72' title='bbox 634 1968 713 2051; x_wconf 76' lang='lat'><strong>(64.)</strong></span> <span class='ocrx_word' id='word_1_73' title='bbox 738 1966 786 2031; x_wconf 89' lang='lat' dir='ltr'><strong>De</strong></span> <span class='ocrx_word' id='word_1_74' title='bbox 809 1967 926 2032; x_wconf 80' lang='lat' dir='ltr'><strong>comita</strong></span> <span class='ocrx_word' id='word_1_75' title='bbox 948 1968 1118 2033; x_wconf 75' lang='lat' dir='ltr'><strong>calculoso.</strong></span> 
     </span>
    </p>
   </div>
   <div class='ocr_carea' id='block_1_6' title="bbox 192 2091 1414 4611">
    <p class='ocr_par' dir='ltr' id='par_1_6' title="bbox 192 2091 1414 4611">
     <span class='ocr_line' id='line_1_12' title="bbox 193 2091 1404 2177; baseline 0 -22"><span class='ocrx_word' id='word_1_76' title='bbox 193 2102 353 2155; x_wconf 71' lang='lat' dir='ltr'><strong>rhewror</strong></span> <span class='ocrx_word' id='word_1_77' title='bbox 407 2094 522 2159; x_wconf 84' lang='lat' dir='ltr'><strong>Comes</strong></span> <span class='ocrx_word' id='word_1_78' title='bbox 545 2091 728 2156; x_wconf 89' lang='lat' dir='ltr'><strong>Willelmus</strong></span> <span class='ocrx_word' id='word_1_79' title='bbox 752 2092 792 2156; x_wconf 88' lang='lat' dir='ltr'><strong>de</strong></span> <span class='ocrx_word' id='word_1_80' title='bbox 815 2092 1018 2158; x_wconf 84' lang='lat' dir='ltr'><strong>Albamarlia</strong></span> <span class='ocrx_word' id='word_1_81' title='bbox 1033 2093 1155 2177; x_wconf 89' lang='lat' dir='ltr'><strong>triplici</strong></span> <span class='ocrx_word' id='word_1_82' title='bbox 1179 2093 1291 2156; x_wconf 85' lang='lat' dir='ltr'><strong>morbo</strong></span> <span class='ocrx_word' id='word_1_83' title='bbox 1313 2091 1404 2155; x_wconf 89' lang='lat' dir='ltr'><strong>labo-</strong></span> 
     </span>
     <span class='ocr_line' id='line_1_13' title="bbox 193 2170 1409 2285; baseline -0.001 -28"><span class='ocrx_word' id='word_1_84' title='bbox 193 2170 342 2285; x_wconf 51' lang='lat' dir='ltr'><strong>fflffih</strong></span> <span class='ocrx_word' id='word_1_85' title='bbox 361 2195 463 2271; x_wconf 88' lang='lat' dir='ltr'><strong>rabat,</strong></span> <span class='ocrx_word' id='word_1_86' title='bbox 487 2194 583 2259; x_wconf 89' lang='lat' dir='ltr'><strong>iliaca</strong></span> <span class='ocrx_word' id='word_1_87' title='bbox 611 2194 769 2277; x_wconf 82' lang='lat' dir='ltr'><strong>passione,</strong></span> <span class='ocrx_word' id='word_1_88' title='bbox 794 2193 887 2257; x_wconf 83' lang='lat' dir='ltr'><strong>fluxu</strong></span> <span class='ocrx_word' id='word_1_89' title='bbox 915 2195 1049 2270; x_wconf 88' lang='lat' dir='ltr'><strong>ventris,</strong></span> <span class='ocrx_word' id='word_1_90' title='bbox 1073 2194 1217 2278; x_wconf 83' lang='lat' dir='ltr'><strong>lapidem</strong></span> <span class='ocrx_word' id='word_1_91' title='bbox 1255 2194 1409 2278; x_wconf 89' lang='lat' dir='ltr'><strong>portabat</strong></span> 
     </span>
     <span class='ocr_line' id='line_1_14' title="bbox 193 2295 1411 2381; baseline -0.004 -20"><span class='ocrx_word' id='word_1_92' title='bbox 193 2300 323 2377; x_wconf 61' lang='lat' dir='ltr'><strong>caeneus</strong></span> <span class='ocrx_word' id='word_1_93' title='bbox 361 2296 396 2360; x_wconf 93' lang='lat' dir='ltr'><strong>in</strong></span> <span class='ocrx_word' id='word_1_94' title='bbox 418 2296 558 2360; x_wconf 85' lang='lat' dir='ltr'><strong>renibus.</strong></span> <span class='ocrx_word' id='word_1_95' title='bbox 598 2296 686 2358; x_wconf 88' lang='lat' dir='ltr'><strong>Nam</strong></span> <span class='ocrx_word' id='word_1_96' title='bbox 710 2295 797 2359; x_wconf 88' lang='lat' dir='ltr'><strong>calor</strong></span> <span class='ocrx_word' id='word_1_97' title='bbox 819 2296 942 2360; x_wconf 89' lang='lat' dir='ltr'><strong>nimius</strong></span> <span class='ocrx_word' id='word_1_98' title='bbox 964 2318 1109 2381; x_wconf 77' lang='lat' dir='ltr'><strong>grossam</strong></span> <span class='ocrx_word' id='word_1_99' title='bbox 1133 2302 1167 2359; x_wconf 92' lang='lat' dir='ltr'><strong>et</strong></span> <span class='ocrx_word' id='word_1_100' title='bbox 1190 2295 1411 2359; x_wconf 88' lang='lat' dir='ltr'><strong>fleumaticam</strong></span> 
     </span>
     <span class='ocr_line' id='line_1_15' title="bbox 193 2367 1411 2483; baseline -0.003 -20"><span class='ocrx_word' id='word_1_101' title='bbox 193 2367 329 2483; x_wconf 51' lang='lat' dir='ltr'><strong>ffiffl„</strong></span> <span class='ocrx_word' id='word_1_102' title='bbox 360 2399 593 2463; x_wconf 83' lang='lat' dir='ltr'><strong>humiditatem</strong></span> <span class='ocrx_word' id='word_1_103' title='bbox 627 2397 854 2473; x_wconf 83' lang='lat' dir='ltr'><strong>desiccaverat,</strong></span> <span class='ocrx_word' id='word_1_104' title='bbox 887 2420 930 2461; x_wconf 81' lang='lat' dir='ltr'><strong>cx</strong></span> <span class='ocrx_word' id='word_1_105' title='bbox 964 2398 1058 2482; x_wconf 89' lang='lat' dir='ltr'><strong>cujus</strong></span> <span class='ocrx_word' id='word_1_106' title='bbox 1095 2398 1304 2461; x_wconf 84' lang='lat' dir='ltr'><strong>induratione</strong></span> <span class='ocrx_word' id='word_1_107' title='bbox 1339 2397 1411 2460; x_wconf 84' lang='lat' dir='ltr'><strong>vias</strong></span> 
     </span>
     <span class='ocr_line' id='line_1_16' title="bbox 192 2497 1409 2576; baseline -0.003 -11"><span class='ocrx_word' id='word_1_108' title='bbox 192 2497 319 2549; x_wconf 49' lang='lat' dir='ltr'><strong>“flmfflb</strong></span> <span class='ocrx_word' id='word_1_109' title='bbox 362 2501 512 2576; x_wconf 76' lang='lat' dir='ltr'><strong>urinales</strong></span> <span class='ocrx_word' id='word_1_110' title='bbox 544 2499 740 2563; x_wconf 85' lang='lat' dir='ltr'><strong>naturaliter</strong></span> <span class='ocrx_word' id='word_1_111' title='bbox 778 2506 892 2571; x_wconf 88' lang='lat' dir='ltr'><strong>arctas,</strong></span> <span class='ocrx_word' id='word_1_112' title='bbox 916 2500 1039 2564; x_wconf 87' lang='lat' dir='ltr'><strong>fecerat</strong></span> <span class='ocrx_word' id='word_1_113' title='bbox 1070 2500 1233 2564; x_wconf 83' lang='lat' dir='ltr'><strong>arctiores.</strong></span> <span class='ocrx_word' id='word_1_114' title='bbox 1281 2499 1409 2562; x_wconf 91' lang='lat' dir='ltr'><strong>Horum</strong></span> 
     </span>
     <span class='ocr_line' id='line_1_17' title="bbox 361 2601 1408 2688; baseline -0.003 -22"><span class='ocrx_word' id='word_1_115' title='bbox 361 2602 563 2688; x_wconf 88' lang='lat' dir='ltr'><strong>singulorum</strong></span> <span class='ocrx_word' id='word_1_116' title='bbox 587 2601 773 2665; x_wconf 89' lang='lat' dir='ltr'><strong>morborum</strong></span> <span class='ocrx_word' id='word_1_117' title='bbox 796 2602 936 2665; x_wconf 82' lang='lat' dir='ltr'><strong>accessio</strong></span> <span class='ocrx_word' id='word_1_118' title='bbox 967 2602 1164 2687; x_wconf 88' lang='lat' dir='ltr'><strong>gravissima</strong></span> <span class='ocrx_word' id='word_1_119' title='bbox 1202 2601 1248 2665; x_wconf 86' lang='lat' dir='ltr'><strong>sic</strong></span> <span class='ocrx_word' id='word_1_120' title='bbox 1270 2601 1408 2685; x_wconf 84' lang='lat' dir='ltr'><strong>singulis</strong></span> 
     </span>
     <span class='ocr_line' id='line_1_18' title="bbox 362 2702 1411 2787; baseline -0.005 -17"><span class='ocrx_word' id='word_1_121' title='bbox 362 2705 477 2769; x_wconf 83' lang='lat' dir='ltr'><strong>diebus</strong></span> <span class='ocrx_word' id='word_1_122' title='bbox 492 2704 660 2767; x_wconf 88' lang='lat' dir='ltr'><strong>viventem</strong></span> <span class='ocrx_word' id='word_1_123' title='bbox 683 2702 857 2778; x_wconf 85' lang='lat' dir='ltr'><strong>cruciabat,</strong></span> <span class='ocrx_word' id='word_1_124' title='bbox 881 2709 920 2767; x_wconf 91' lang='lat' dir='ltr'><strong>ut</strong></span> <span class='ocrx_word' id='word_1_125' title='bbox 936 2703 1008 2767; x_wconf 90' lang='lat' dir='ltr'><strong>vita</strong></span> <span class='ocrx_word' id='word_1_126' title='bbox 1030 2703 1278 2787; x_wconf 83' lang='lat' dir='ltr'><strong>periclitaretur.</strong></span> <span class='ocrx_word' id='word_1_127' title='bbox 1312 2702 1411 2787; x_wconf 88' lang='lat' dir='ltr'><strong>Eges-</strong></span> 
     </span>
     <span class='ocr_line' id='line_1_19' title="bbox 360 2802 1408 2888; baseline -0.005 -16"><span class='ocrx_word' id='word_1_128' title='bbox 360 2806 409 2872; x_wconf 93' lang='lat' dir='ltr'><strong>tio</strong></span> <span class='ocrx_word' id='word_1_129' title='bbox 431 2804 579 2871; x_wconf 86' lang='lat' dir='ltr'><strong>carbonis</strong></span> <span class='ocrx_word' id='word_1_130' title='bbox 618 2802 757 2888; x_wconf 86' lang='lat' dir='ltr'><strong>effigiem</strong></span> <span class='ocrx_word' id='word_1_131' title='bbox 795 2803 1010 2887; x_wconf 83' lang='lat' dir='ltr'><strong>praeferabat;</strong></span> <span class='ocrx_word' id='word_1_132' title='bbox 1048 2805 1191 2868; x_wconf 86' lang='lat' dir='ltr'><strong>minatus</strong></span> <span class='ocrx_word' id='word_1_133' title='bbox 1215 2803 1408 2887; x_wconf 89' lang='lat' dir='ltr'><strong>sanguinem</strong></span> 
     </span>
     <span class='ocr_line' id='line_1_20' title="bbox 361 2905 1352 2995; baseline -0.004 -23"><span class='ocrx_word' id='word_1_134' title='bbox 361 2906 561 2995; x_wconf 76' lang='lat' dir='ltr'><strong>praeferebat.</strong></span> <span class='ocrx_word' id='word_1_135' title='bbox 613 2905 677 2968; x_wconf 88' lang='lat' dir='ltr'><strong>His</strong></span> <span class='ocrx_word' id='word_1_136' title='bbox 701 2905 945 2970; x_wconf 88' lang='lat' dir='ltr'><strong>circumventus</strong></span> <span class='ocrx_word' id='word_1_137' title='bbox 969 2906 1140 2989; x_wconf 88' lang='lat' dir='ltr'><strong>angustiis,</strong></span> <span class='ocrx_word' id='word_1_138' title='bbox 1173 2905 1352 2988; x_wconf 83' lang='lat' dir='ltr'><strong>extremaj</strong></span> 
     </span>
     <span class='ocr_line' id='line_1_21' title="bbox 361 3006 1410 3093; baseline -0.005 -19"><span class='ocrx_word' id='word_1_139' title='bbox 361 3010 476 3074; x_wconf 85' lang='lat' dir='ltr'><strong>mortis</strong></span> <span class='ocrx_word' id='word_1_140' title='bbox 513 3007 674 3093; x_wconf 87' lang='lat' dir='ltr'><strong>angustia,</strong></span> <span class='ocrx_word' id='word_1_141' title='bbox 715 3028 789 3091; x_wconf 70' lang='lat' dir='ltr'><strong>quae</strong></span> <span class='ocrx_word' id='word_1_142' title='bbox 827 3006 1030 3083; x_wconf 90' lang='lat' dir='ltr'><strong>imminebat,</strong></span> <span class='ocrx_word' id='word_1_143' title='bbox 1069 3006 1251 3070; x_wconf 89' lang='lat' dir='ltr'><strong>remedium</strong></span> <span class='ocrx_word' id='word_1_144' title='bbox 1290 3006 1410 3070; x_wconf 85' lang='lat' dir='ltr'><strong>doloris</strong></span> 
     </span>
     <span class='ocr_line' id='line_1_22' title="bbox 361 3108 1411 3196; baseline -0.005 -20"><span class='ocrx_word' id='word_1_145' title='bbox 361 3111 563 3196; x_wconf 81' lang='lat' dir='ltr'><strong>expectabat.</strong></span> <span class='ocrx_word' id='word_1_146' title='bbox 611 3109 665 3171; x_wconf 80' lang='lat' dir='ltr'><strong>Ad</strong></span> <span class='ocrx_word' id='word_1_147' title='bbox 695 3129 794 3191; x_wconf 85' lang='lat' dir='ltr'><strong>quern</strong></span> <span class='ocrx_word' id='word_1_148' title='bbox 833 3108 886 3171; x_wconf 90' lang='lat' dir='ltr'><strong>die</strong></span> <span class='ocrx_word' id='word_1_149' title='bbox 925 3108 1066 3191; x_wconf 90' lang='lat' dir='ltr'><strong>quadam</strong></span> <span class='ocrx_word' id='word_1_150' title='bbox 1099 3108 1329 3193; x_wconf 86' lang='lat' dir='ltr'><strong>compassionis</strong></span> <span class='ocrx_word' id='word_1_151' title='bbox 1360 3109 1411 3171; x_wconf 92' lang='lat' dir='ltr'><strong>in-</strong></span> 
     </span>
     <span class='ocr_line' id='line_1_23' title="bbox 361 3208 1410 3292; baseline -0.005 -16"><span class='ocrx_word' id='word_1_152' title='bbox 361 3212 451 3277; x_wconf 90' lang='lat' dir='ltr'><strong>tuitu</strong></span> <span class='ocrx_word' id='word_1_153' title='bbox 486 3210 539 3273; x_wconf 90' lang='lat' dir='ltr'><strong>vir</strong></span> <span class='ocrx_word' id='word_1_154' title='bbox 570 3210 675 3273; x_wconf 89' lang='lat' dir='ltr'><strong>bonus</strong></span> <span class='ocrx_word' id='word_1_155' title='bbox 713 3214 748 3271; x_wconf 90' lang='lat' dir='ltr'><strong>et</strong></span> <span class='ocrx_word' id='word_1_156' title='bbox 786 3208 860 3292; x_wconf 91' lang='lat' dir='ltr'><strong>pius</strong></span> <span class='ocrx_word' id='word_1_157' title='bbox 899 3208 1041 3285; x_wconf 88' lang='lat' dir='ltr'><strong>accessit,</strong></span> <span class='ocrx_word' id='word_1_158' title='bbox 1066 3209 1119 3273; x_wconf 89' lang='lat' dir='ltr'><strong>eui</strong></span> <span class='ocrx_word' id='word_1_159' title='bbox 1142 3230 1261 3272; x_wconf 89' lang='lat' dir='ltr'><strong>nomen</strong></span> <span class='ocrx_word' id='word_1_160' title='bbox 1294 3209 1410 3271; x_wconf 77' lang='lat' dir='ltr'><strong>Adran.</strong></span> 
     </span>
     <span class='ocr_line' id='line_1_24' title="bbox 364 3307 1411 3394; baseline -0.002 -20"><span class='ocrx_word' id='word_1_161' title='bbox 364 3312 429 3391; x_wconf 80' lang='lat' dir='ltr'><strong>Qui</strong></span> <span class='ocrx_word' id='word_1_162' title='bbox 463 3332 538 3375; x_wconf 89' lang='lat' dir='ltr'><strong>curn</strong></span> <span class='ocrx_word' id='word_1_163' title='bbox 572 3307 745 3373; x_wconf 86' lang='lat' dir='ltr'><strong>coenobitis</strong></span> <span class='ocrx_word' id='word_1_164' title='bbox 803 3309 1001 3392; x_wconf 89' lang='lat' dir='ltr'><strong>quibusdam</strong></span> <span class='ocrx_word' id='word_1_165' title='bbox 1047 3309 1148 3373; x_wconf 87' lang='lat' dir='ltr'><strong>abhas</strong></span> <span class='ocrx_word' id='word_1_166' title='bbox 1171 3309 1297 3394; x_wconf 83' lang='lat' dir='ltr'><strong>pridem</strong></span> <span class='ocrx_word' id='word_1_167' title='bbox 1329 3330 1411 3392; x_wconf 77' lang='lat' dir='ltr'><strong>prae·</strong></span> 
     </span>
     <span class='ocr_line' id='line_1_25' title="bbox 364 3410 1412 3495; baseline -0.002 -20"><span class='ocrx_word' id='word_1_168' title='bbox 364 3412 488 3487; x_wconf 87' lang='lat' dir='ltr'><strong>suisset,</strong></span> <span class='ocrx_word' id='word_1_169' title='bbox 513 3410 661 3494; x_wconf 89' lang='lat' dir='ltr'><strong>deposito</strong></span> <span class='ocrx_word' id='word_1_170' title='bbox 684 3410 859 3495; x_wconf 86' lang='lat' dir='ltr'><strong>dignitatis</strong></span> <span class='ocrx_word' id='word_1_171' title='bbox 891 3432 988 3475; x_wconf 88' lang='lat' dir='ltr'><strong>onere</strong></span> <span class='ocrx_word' id='word_1_172' title='bbox 1022 3410 1282 3475; x_wconf 87' lang='lat' dir='ltr'><strong>anachoreticam</strong></span> <span class='ocrx_word' id='word_1_173' title='bbox 1306 3410 1412 3473; x_wconf 88' lang='lat' dir='ltr'><strong>vitam</strong></span> 
     </span>
     <span class='ocr_line' id='line_1_26' title="bbox 362 3510 1412 3597; baseline -0.003 -20"><span class='ocrx_word' id='word_1_174' title='bbox 362 3513 485 3597; x_wconf 82' lang='lat' dir='ltr'><strong>eligens</strong></span> <span class='ocrx_word' id='word_1_175' title='bbox 531 3510 689 3596; x_wconf 84' lang='lat' dir='ltr'><strong>singulari</strong></span> <span class='ocrx_word' id='word_1_176' title='bbox 728 3533 839 3597; x_wconf 88' lang='lat' dir='ltr'><strong>pugna</strong></span> <span class='ocrx_word' id='word_1_177' title='bbox 888 3512 1005 3576; x_wconf 89' lang='lat' dir='ltr'><strong>salutis</strong></span> <span class='ocrx_word' id='word_1_178' title='bbox 1051 3511 1180 3575; x_wconf 90' lang='lat' dir='ltr'><strong>hostem</strong></span> <span class='ocrx_word' id='word_1_179' title='bbox 1218 3517 1251 3575; x_wconf 88' lang='lat' dir='ltr'><strong>et</strong></span> <span class='ocrx_word' id='word_1_180' title='bbox 1291 3512 1412 3577; x_wconf 90' lang='lat' dir='ltr'><strong>ostium</strong></span> 
     </span>
     <span class='ocr_line' id='line_1_27' title="bbox 364 3613 1412 3699; baseline 0 -20"><span class='ocrx_word' id='word_1_181' title='bbox 364 3614 479 3679; x_wconf 86' lang='lat' dir='ltr'><strong>mertis</strong></span> <span class='ocrx_word' id='word_1_182' title='bbox 527 3634 698 3698; x_wconf 80' lang='lat' dir='ltr'><strong>aggressus</strong></span> <span class='ocrx_word' id='word_1_183' title='bbox 746 3619 803 3676; x_wconf 87' lang='lat' dir='ltr'><strong>cst.</strong></span> <span class='ocrx_word' id='word_1_184' title='bbox 867 3613 932 3678; x_wconf 92' lang='lat' dir='ltr'><strong>Hic</strong></span> <span class='ocrx_word' id='word_1_185' title='bbox 962 3613 1041 3678; x_wconf 88' lang='lat' dir='ltr'><strong>data</strong></span> <span class='ocrx_word' id='word_1_186' title='bbox 1080 3613 1285 3697; x_wconf 85' lang='lat' dir='ltr'><strong>colloquendi</strong></span> <span class='ocrx_word' id='word_1_187' title='bbox 1319 3615 1412 3699; x_wconf 90' lang='lat' dir='ltr'><strong>copia</strong></span> 
     </span>
     <span class='ocr_line' id='line_1_28' title="bbox 363 3714 1410 3794; baseline 0 -12"><span class='ocrx_word' id='word_1_188' title='bbox 363 3716 495 3782; x_wconf 76' lang='lat' dir='ltr'><strong>addidit</strong></span> <span class='ocrx_word' id='word_1_189' title='bbox 532 3715 619 3779; x_wconf 89' lang='lat' dir='ltr'><strong>inter</strong></span> <span class='ocrx_word' id='word_1_190' title='bbox 657 3714 889 3780; x_wconf 86' lang='lat' dir='ltr'><strong>consolationis</strong></span> <span class='ocrx_word' id='word_1_191' title='bbox 920 3722 953 3779; x_wconf 90' lang='lat' dir='ltr'><strong>et</strong></span> <span class='ocrx_word' id='word_1_192' title='bbox 985 3716 1102 3779; x_wconf 89' lang='lat' dir='ltr'><strong>salutis</strong></span> <span class='ocrx_word' id='word_1_193' title='bbox 1143 3718 1250 3793; x_wconf 87' lang='lat' dir='ltr'><strong>verba,</strong></span> <span class='ocrx_word' id='word_1_194' title='bbox 1291 3726 1307 3750; x_wconf 90' lang='lat'><strong>“</strong></span> <span class='ocrx_word' id='word_1_195' title='bbox 1320 3717 1410 3794; x_wconf 87' lang='lat' dir='ltr'><strong>Bibe,</strong></span> 
     </span>
     <span class='ocr_line' id='line_1_29' title="bbox 361 3816 1414 3902; baseline -0.002 -18"><span class='ocrx_word' id='word_1_196' title='bbox 361 3828 378 3854; x_wconf 92' lang='lat'><strong>“</strong></span> <span class='ocrx_word' id='word_1_197' title='bbox 401 3818 540 3893; x_wconf 86' lang='lat' dir='ltr'><strong>domine,</strong></span> <span class='ocrx_word' id='word_1_198' title='bbox 564 3816 649 3881; x_wconf 92' lang='lat' dir='ltr'><strong>hanc</strong></span> <span class='ocrx_word' id='word_1_199' title='bbox 672 3817 794 3879; x_wconf 88' lang='lat' dir='ltr'><strong>stillam</strong></span> <span class='ocrx_word' id='word_1_200' title='bbox 818 3837 912 3901; x_wconf 77' lang='lat' dir='ltr'><strong>aqum</strong></span> <span class='ocrx_word' id='word_1_201' title='bbox 935 3817 1089 3881; x_wconf 86' lang='lat' dir='ltr'><strong>salutaris</strong></span> <span class='ocrx_word' id='word_1_202' title='bbox 1116 3840 1215 3902; x_wconf 84' lang='lat' dir='ltr'><strong>quarn</strong></span> <span class='ocrx_word' id='word_1_203' title='bbox 1239 3818 1355 3893; x_wconf 75' lang='lat' dir='ltr'><strong>(lesere,</strong></span> <span class='ocrx_word' id='word_1_204' title='bbox 1380 3824 1414 3882; x_wconf 87' lang='lat' dir='ltr'><strong>et</strong></span> 
     </span>
     <span class='ocr_line' id='line_1_30' title="bbox 361 3917 1411 4002; baseline -0.001 -19"><span class='ocrx_word' id='word_1_205' title='bbox 361 3929 378 3954; x_wconf 90' lang='lat'><strong>“</strong></span> <span class='ocrx_word' id='word_1_206' title='bbox 400 3942 522 3995; x_wconf 85' lang='lat' dir='ltr'><strong>revera,</strong></span> <span class='ocrx_word' id='word_1_207' title='bbox 545 3918 574 3980; x_wconf 87' lang='lat' dir='ltr'><strong>si</strong></span> <span class='ocrx_word' id='word_1_208' title='bbox 597 3918 660 3981; x_wconf 76' lang='lat' dir='ltr'><strong>liele</strong></span> <span class='ocrx_word' id='word_1_209' title='bbox 684 3917 844 3981; x_wconf 88' lang='lat' dir='ltr'><strong>roboraris</strong></span> <span class='ocrx_word' id='word_1_210' title='bbox 875 3923 909 3981; x_wconf 90' lang='lat' dir='ltr'><strong>et</strong></span> <span class='ocrx_word' id='word_1_211' title='bbox 932 3941 996 4002; x_wconf 89' lang='lat' dir='ltr'><strong>spe,</strong></span> <span class='ocrx_word' id='word_1_212' title='bbox 1028 3919 1168 3983; x_wconf 85' lang='lat' dir='ltr'><strong>salutem</strong></span> <span class='ocrx_word' id='word_1_213' title='bbox 1200 3920 1411 4002; x_wconf 85' lang='lat' dir='ltr'><strong>consequeris.</strong></span> 
     </span>
     <span class='ocr_line' id='line_1_31' title="bbox 362 4019 1411 4104; baseline 0 -21"><span class='ocrx_word' id='word_1_214' title='bbox 362 4030 380 4055; x_wconf 92' lang='lat'><em>“</em></span> <span class='ocrx_word' id='word_1_215' title='bbox 403 4022 490 4099; x_wconf 77' lang='lat' dir='ltr'><strong>Quia</strong></span> <span class='ocrx_word' id='word_1_216' title='bbox 511 4020 547 4082; x_wconf 92' lang='lat' dir='ltr'><strong>in</strong></span> <span class='ocrx_word' id='word_1_217' title='bbox 570 4020 666 4083; x_wconf 88' lang='lat' dir='ltr'><strong>darno</strong></span> <span class='ocrx_word' id='word_1_218' title='bbox 689 4024 800 4082; x_wconf 90' lang='lat' dir='ltr'><strong>nestro</strong></span> <span class='ocrx_word' id='word_1_219' title='bbox 824 4041 875 4083; x_wconf 92' lang='lat' dir='ltr'><strong>res</strong></span> <span class='ocrx_word' id='word_1_220' title='bbox 899 4020 1039 4103; x_wconf 87' lang='lat' dir='ltr'><strong>contigit</strong></span> <span class='ocrx_word' id='word_1_221' title='bbox 1062 4019 1162 4104; x_wconf 89' lang='lat' dir='ltr'><strong>digna</strong></span> <span class='ocrx_word' id='word_1_222' title='bbox 1192 4019 1305 4095; x_wconf 88' lang='lat' dir='ltr'><strong>relatu,</strong></span> <span class='ocrx_word' id='word_1_223' title='bbox 1330 4042 1411 4103; x_wconf 65' lang='lat' dir='ltr'><strong>prse-</strong></span> 
     </span>
     <span class='ocr_line' id='line_1_32' title="bbox 362 4120 1413 4205; baseline 0.002 -20"><span class='ocrx_word' id='word_1_224' title='bbox 362 4129 379 4155; x_wconf 89' lang='lat'>“</span> <span class='ocrx_word' id='word_1_225' title='bbox 401 4126 493 4185; x_wconf 89' lang='lat' dir='ltr'><strong>stans</strong></span> <span class='ocrx_word' id='word_1_226' title='bbox 515 4142 668 4205; x_wconf 77' lang='lat' dir='ltr'><strong>rnagmam</strong></span> <span class='ocrx_word' id='word_1_227' title='bbox 684 4120 836 4184; x_wconf 89' lang='lat' dir='ltr'><strong>sanitatis</strong></span> <span class='ocrx_word' id='word_1_228' title='bbox 860 4120 1015 4185; x_wconf 89' lang='lat' dir='ltr'><strong>fiduciam</strong></span> <span class='ocrx_word' id='word_1_229' title='bbox 1030 4120 1257 4203; x_wconf 71' lang='lat' dir='ltr'><strong>adipiscendae.</strong></span> <span class='ocrx_word' id='word_1_230' title='bbox 1298 4121 1413 4187; x_wconf 85' lang='lat' dir='ltr'><strong>Frater</strong></span> 
     </span>
     <span class='ocr_line' id='line_1_33' title="bbox 363 4221 1413 4289; baseline 0.002 -2"><span class='ocrx_word' id='word_1_231' title='bbox 363 4232 380 4258; x_wconf 90' lang='lat'><strong>“</strong></span> <span class='ocrx_word' id='word_1_232' title='bbox 402 4223 511 4288; x_wconf 87' lang='lat' dir='ltr'><strong>Adam</strong></span> <span class='ocrx_word' id='word_1_233' title='bbox 533 4244 576 4286; x_wconf 84' lang='lat' dir='ltr'><strong>ex</strong></span> <span class='ocrx_word' id='word_1_234' title='bbox 598 4222 736 4286; x_wconf 87' lang='lat' dir='ltr'><strong>adversa</strong></span> <span class='ocrx_word' id='word_1_235' title='bbox 761 4221 953 4286; x_wconf 89' lang='lat' dir='ltr'><strong>valetudine</strong></span> <span class='ocrx_word' id='word_1_236' title='bbox 976 4221 1094 4285; x_wconf 76' lang='lat' dir='ltr'><strong>&lt;luctus</strong></span> <span class='ocrx_word' id='word_1_237' title='bbox 1122 4221 1164 4284; x_wconf 88' lang='lat' dir='ltr'><strong>ad</strong></span> <span class='ocrx_word' id='word_1_238' title='bbox 1188 4229 1335 4287; x_wconf 82' lang='lat' dir='ltr'><strong>extrema</strong></span> <span class='ocrx_word' id='word_1_239' title='bbox 1358 4225 1413 4289; x_wconf 90' lang='lat' dir='ltr'><strong>de-</strong></span> 
     </span>
     <span class='ocr_line' id='line_1_34' title="bbox 361 4321 1413 4411; baseline 0.001 -22"><span class='ocrx_word' id='word_1_240' title='bbox 361 4334 378 4360; x_wconf 90' lang='lat'><strong>“</strong></span> <span class='ocrx_word' id='word_1_241' title='bbox 400 4326 527 4411; x_wconf 90' lang='lat' dir='ltr'><strong>positus</strong></span> <span class='ocrx_word' id='word_1_242' title='bbox 559 4330 609 4388; x_wconf 88' lang='lat' dir='ltr'><strong>est</strong></span> <span class='ocrx_word' id='word_1_243' title='bbox 641 4324 677 4385; x_wconf 90' lang='lat' dir='ltr'><strong>in</strong></span> <span class='ocrx_word' id='word_1_244' title='bbox 711 4322 818 4388; x_wconf 89' lang='lat' dir='ltr'><strong>cinere</strong></span> <span class='ocrx_word' id='word_1_245' title='bbox 844 4328 879 4387; x_wconf 90' lang='lat' dir='ltr'><strong>et</strong></span> <span class='ocrx_word' id='word_1_246' title='bbox 916 4321 1028 4397; x_wconf 89' lang='lat' dir='ltr'><strong>cilicie,</strong></span> <span class='ocrx_word' id='word_1_247' title='bbox 1061 4321 1216 4385; x_wconf 87' lang='lat' dir='ltr'><strong>ultimum</strong></span> <span class='ocrx_word' id='word_1_248' title='bbox 1250 4324 1321 4408; x_wconf 89' lang='lat' dir='ltr'><strong>jam</strong></span> <span class='ocrx_word' id='word_1_249' title='bbox 1356 4348 1413 4390; x_wconf 83' lang='lat' dir='ltr'><strong>ex-</strong></span> 
     </span>
     <span class='ocr_line' id='line_1_35' title="bbox 361 4422 1413 4511; baseline -0.001 -20"><span class='ocrx_word' id='word_1_250' title='bbox 361 4436 378 4461; x_wconf 90' lang='lat'>“</span> <span class='ocrx_word' id='word_1_251' title='bbox 399 4427 572 4491; x_wconf 87' lang='lat' dir='ltr'><strong>halaturus</strong></span> <span class='ocrx_word' id='word_1_252' title='bbox 595 4425 757 4509; x_wconf 88' lang='lat' dir='ltr'><strong>spiritum.</strong></span> <span class='ocrx_word' id='word_1_253' title='bbox 804 4423 869 4488; x_wconf 87' lang='lat' dir='ltr'><strong>Cui</strong></span> <span class='ocrx_word' id='word_1_254' title='bbox 902 4422 1149 4507; x_wconf 87' lang='lat' dir='ltr'><strong>propinavimus</strong></span> <span class='ocrx_word' id='word_1_255' title='bbox 1176 4425 1265 4490; x_wconf 90' lang='lat' dir='ltr'><strong>hune</strong></span> <span class='ocrx_word' id='word_1_256' title='bbox 1298 4432 1413 4511; x_wconf 85' lang='lat' dir='ltr'><strong>petunr</strong></span> 
     </span>
     <span class='ocr_line' id='line_1_36' title="bbox 361 4524 1411 4611; baseline 0.002 -22"><span class='ocrx_word' id='word_1_257' title='bbox 361 4535 377 4561; x_wconf 88' lang='lat'><em>“</em></span> <span class='ocrx_word' id='word_1_258' title='bbox 400 4527 534 4591; x_wconf 82' lang='lat' dir='ltr'><strong>Thonue</strong></span> <span class='ocrx_word' id='word_1_259' title='bbox 556 4525 690 4611; x_wconf 82' lang='lat' dir='ltr'><strong>gloriosi</strong></span> <span class='ocrx_word' id='word_1_260' title='bbox 720 4524 895 4609; x_wconf 84' lang='lat' dir='ltr'><strong>martyris;</strong></span> <span class='ocrx_word' id='word_1_261' title='bbox 917 4530 952 4588; x_wconf 88' lang='lat' dir='ltr'><strong>et</strong></span> <span class='ocrx_word' id='word_1_262' title='bbox 983 4530 1097 4590; x_wconf 90' lang='lat' dir='ltr'><strong>eontra</strong></span> <span class='ocrx_word' id='word_1_263' title='bbox 1128 4534 1267 4591; x_wconf 88' lang='lat' dir='ltr'><strong>mortem</strong></span> <span class='ocrx_word' id='word_1_264' title='bbox 1305 4529 1411 4591; x_wconf 88' lang='lat' dir='ltr'><strong>immi-</strong></span> 
     </span>
    </p>
   </div>
   <div class='ocr_carea' id='block_1_7' title="bbox 360 4626 1413 4705">
    <p class='ocr_par' dir='ltr' id='par_1_7' title="bbox 360 4626 1413 4705">
     <span class='ocr_line' id='line_1_37' title="bbox 360 4626 1413 4705; baseline 0.006 -17"><span class='ocrx_word' id='word_1_265' title='bbox 360 4635 377 4661; x_wconf 86' lang='lat'><strong>“</strong></span> <span class='ocrx_word' id='word_1_266' title='bbox 390 4635 532 4705; x_wconf 38' lang='lat' dir='ltr'><strong>‚nentem</strong></span> <span class='ocrx_word' id='word_1_267' title='bbox 562 4627 716 4692; x_wconf 86' lang='lat' dir='ltr'><strong>morienti</strong></span> <span class='ocrx_word' id='word_1_268' title='bbox 750 4626 857 4692; x_wconf 88' lang='lat' dir='ltr'><strong>factus</strong></span> <span class='ocrx_word' id='word_1_269' title='bbox 892 4630 942 4690; x_wconf 87' lang='lat' dir='ltr'><strong>est</strong></span> <span class='ocrx_word' id='word_1_270' title='bbox 973 4626 1168 4694; x_wconf 89' lang='lat' dir='ltr'><strong>antidotum.</strong></span> <span class='ocrx_word' id='word_1_271' title='bbox 1216 4629 1305 4693; x_wconf 83' lang='lat' dir='ltr'><strong>Nam</strong></span> <span class='ocrx_word' id='word_1_272' title='bbox 1337 4651 1413 4696; x_wconf 94' lang='lat' dir='ltr'><strong>con-</strong></span> 
     </span>
    </p>
   </div>
   <div class='ocr_carea' id='block_1_8' title="bbox 0 0 1667 6240">
    <p class='ocr_par' dir='ltr' id='par_1_8' title="bbox 0 0 1667 6240">
     <span class='ocr_line' id='line_1_38' title="bbox 0 0 1667 6240; baseline 0 0"><span class='ocrx_word' id='word_1_273' title='bbox 0 0 1667 6240; x_wconf 95' lang='lat' dir='ltr'><strong> </strong></span> 
     </span>
    </p>
   </div>
  </div>
 </body>
</html>
