3316 6240
401 746 445 816 70
781 757 864 807 VITA
885 757 912 805 S.
937 756 1074 816 THOMAE,

450 1002 620 1091 Perpetio
642 1002 844 1069 talanat-ta
866 999 1106 1088 erebiepiacmi
1130 1000 1395 1067 Oaatemeicasis.

443 1168 461 1191 “
471 1163 526 1218 Die
538 1167 636 1217 autem
648 1161 780 1231 sequenti
793 1159 1062 1215 christianissimus
1073 1175 1125 1213 rcx
1136 1157 1329 1213 Francorum¹
1343 1159 1457 1229 legatos

407 1246 602 1301 “admittens
632 1244 668 1300 ed
687 1244 864 1314 colloquium
891 1243 945 1297 sub
970 1242 1110 1313 religione
1134 1242 1294 1312 juramenti
1318 1243 1458 1314 purgavit

408 1336 426 1360 ‘⁶
447 1330 644 1386 innocentiam
663 1328 773 1383 domini
792 1326 1019 1392 Centuariensis,
1039 1325 1196 1397 perhibens
1212 1325 1240 1379 ei
1258 1327 1456 1382 testimonium

408 1420 426 1442 ⁴⁴
448 1414 525 1484 quod
550 1413 578 1467 ei
596 1411 752 1467 consilium
780 1428 892 1481 semper
909 1409 1030 1464 dederat
1047 1413 1080 1462 ut
1104 1426 1160 1480 pax
1183 1415 1357 1474 servaretur,
1376 1410 1457 1466 salvo

409 1501 428 1526 ‘⁶
447 1498 557 1551 honore
587 1496 737 1567 utriusque
764 1493 852 1564 regis,
880 1498 910 1547 et
937 1493 1037 1562 populi
1063 1492 1210 1562 utrimque
1235 1492 1334 1547 debita
1360 1494 1458 1564 quiete

410 1584 429 1609 “
449 1581 619 1651 gauderent.
664 1577 791 1649 Rogavit
820 1575 1053 1646 archiepiscopus
1080 1574 1190 1645 legatos
1213 1580 1247 1628 ut
1272 1576 1391 1647 aliquod
1409 1594 1458 1632 ee·

411 1667 430 1692 “
449 1664 544 1718 elesius
568 1662 721 1717 eonsilium
749 1661 860 1723 darent,
887 1663 918 1713 et
944 1658 968 1713 si
987 1657 1095 1713 alicubi
1119 1658 1277 1722 excederet,
1304 1660 1458 1714 rectiorem

411 1751 430 1775 “
449 1745 632 1801 ostenderent
648 1745 735 1799 viam.
774 1743 824 1797 llli
842 1751 948 1805 autem,
968 1742 1063 1795 zelum
1077 1757 1164 1812 quem
1182 1741 1270 1796 habet
1288 1741 1319 1795 in
1335 1742 1459 1797 Domino

412 1834 430 1858 ‘¹
450 1830 650 1900 approbantes,
670 1827 697 1881 ei
716 1825 858 1897 compassi
880 1824 971 1880 sunt.²
1007 1824 1057 1879 Sic
1075 1824 1144 1879 duta
1160 1824 1360 1880 benedictione
1378 1825 1459 1879 adin·
1523 1878 1526 1885 ,

412 1916 431 1941 “
450 1913 552 1976 vicem,
566 1911 727 1966 abinvicem
745 1909 949 1971 discessenmt,
969 1915 1000 1962 et
1017 1914 1126 1962 statum
1146 1914 1200 1972 est,
1219 1914 1249 1962 ct
1268 1914 1384 1964 auctore
1398 1908 1460 1965 Deo

413 2000 432 2023 ‘⁸
452 1994 557 2049 stabit³
575 1995 606 2048 in
633 1993 740 2047 finibus
758 1993 821 2047 istis
839 1991 930 2045 donee
956 1991 1077 2046 ecelesia
1101 1992 1282 2047 convalescat
1309 1997 1340 2046 et
1364 2010 1460 2064 perse·

413 2085 431 2108 ⁸·
452 2082 567 2133 cutores
584 2077 648 2148 ejus
667 2081 718 2130 aut
737 2081 943 2130 convertantur
960 2080 1011 2129 aut
1030 2074 1266 2130 conterantur.”⁴

456 2184 573 2269 Itaque
612 2183 785 2248 redeuntes
823 2204 844 2247 a
877 2181 1039 2267 colloquio
1079 2181 1179 2267 legati
1218 2181 1302 2245 nihil
1341 2182 1461 2268 quibus

411 2286 702 2373 patrocinabantur
741 2290 861 2370 praeter
898 2284 1018 2348 mentis
1055 2284 1277 2349 turbationem
1316 2285 1461 2350 contule-

412 2397 499 2465 runt,
535 2395 570 2453 et
603 2409 745 2472 eousque
778 2387 901 2471 loquax
939 2386 1123 2471 exspiravit
1158 2388 1352 2472 arrogantia,
1388 2410 1461 2472 quae

241 2510 388 2560 ananan.
414 2515 489 2559 cum
522 2492 686 2557 Nicanore
720 2489 843 2575 templo
877 2489 1013 2554 Domini
1045 2489 1234 2554 minabatur
1264 2491 1461 2567 incendium,

242 2574 350 2628 Μ’·
415 2600 590 2659 utcontra
611 2592 804 2678 gmvamina
824 2590 1065 2676 archiepiscopi,
1090 2614 1187 2676 quem
1210 2592 1303 2679 regni
1318 2614 1464 2678 personae
1526 2644 1534 2653 .

415 2698 478 2763 sibi
501 2697 695 2761 metuebant
719 2693 895 2770 inferenda,
919 2715 979 2758 nec
1008 2694 1173 2759 modicum
1199 2695 1361 2760 conferret
1382 2718 1464 2761 aux-

247 2802 393 2891 Anna'ppeal
416 2801 466 2866 ilii
504 2807 623 2886 pneter
661 2797 903 2863 emendicatum
940 2796 1170 2881 appellationis
1215 2798 1464 2884 subterfugium,

246 2881 404 3010 ffissffi
417 2927 516 2991 quam
539 2904 579 2968 de
602 2901 737 2968 consilio
760 2901 905 2985 ipsorum
929 2898 1145 2962 cardinalium
1176 2901 1330 2984 praesules
1353 2908 1387 2966 et
1408 2900 1465 2965 ab·

416 3008 518 3082 betas,
546 3004 603 3089 qui
634 3005 814 3088 praesentes
852 3000 1000 3075 aderant,
1022 2999 1266 3080 exhibuerunt,
1299 3008 1333 3066 et
1369 3002 1468 3066 simul

416 3111 588 3174 mittentes
611 3105 743 3170 domino
766 3125 861 3188 papae
884 3103 1160 3188 significaverunt.

457 3372 536 3456 (60.)
561 3370 771 3436 dle-talaiam
793 3368 945 3434 Remeat
962 3367 1137 3455 pontificis
1158 3394 1260 3458 aupes·
1281 3371 1334 3439 la‘s
1356 3395 1436 3459 quoe

688 3471 829 3537 Tleeerats
851 3470 1199 3539 ascenaentem-aas.

250 3646 382 3710 ‘rhepope
465 3630 530 3710 Qui
553 3649 742 3714 quanquam
773 3628 883 3691 minus
911 3649 1023 3693 screno
1056 3629 1167 3694 animo
1198 3630 1469 3696 Cantuarienscm

249 3713 377 3828 ffiffi
415 3731 485 3818 jam
523 3732 680 3816 respicere
714 3730 883 3815 potuisset,
919 3752 956 3794 eo
995 3730 1082 3814 quod
1116 3731 1210 3797 illum
1245 3733 1470 3799 diffamassent

251 3844 320 3895 rized
334 3846 408 3895 absa
419 3835 507 3920 apud
531 3835 639 3919 ipsum
662 3833 698 3896 in
720 3833 841 3898 litteris
864 3832 931 3896 suis
961 3837 1119 3917 tanquam
1149 3834 1325 3900 seditiones
1355 3858 1468 3922 regum

251 3913 372 4026 Quae
420 3936 590 4001 incitasset
622 3940 656 3999 et
687 3935 730 3999 ad
762 3934 1014 4018 inquietandum
1048 3934 1217 3999 dominum
1255 3958 1350 4000 sirum
1388 3938 1470 4002 alios

252 4041 377 4104 arehbp's·
421 4036 619 4121 instigasset,
654 4041 766 4099 tamen
801 4035 935 4100 credens
969 4036 1048 4121 quia
1079 4059 1145 4102 non
1177 4045 1307 4123 oportet
1340 4021 1469 4106 eredere

252 4122 377 4160 censuros.
421 4137 512 4202 omni
546 4135 686 4221 spiritui,
718 4136 774 4198 sed
808 4158 906 4220 super
938 4139 1116 4203 vexatione
1146 4146 1181 4204 et
1211 4140 1376 4205 laboribus
1398 4143 1469 4227 ejus

455 4404 461 4434 ¹
480 4401 603 4464 (lauded,
614 4401 644 4450 L.
656 4402 689 4451 G.
1004 4403 1015 4443 ὅ
1032 4403 1149 4464 strrbr'tur,
1160 4405 1190 4454 L.
1201 4405 1232 4456 G.

453 4482 463 4512 '¹'
480 4482 524 4529 ard
542 4481 572 4527 de
587 4481 715 4543 proposito
730 4482 781 4543 ejus
793 4497 838 4527 mm
851 4480 920 4527 dixe-

420 4568 479 4609 runt
499 4558 597 4622 aliquid
608 4559 792 4618 ininmtumbtm,
804 4558 921 4619 inserted,

421 4640 451 4688 L.
464 4639 497 4688 G.

1006 4520 1016 4549 ⁴
1029 4530 1145 4583 pervum,
1156 4523 1185 4571 la.
1199 4522 1230 4571 (i.
