<?xml version="1.0" encoding="UTF-8"?>
<!DOCTYPE html PUBLIC "-//W3C//DTD XHTML 1.0 Transitional//EN"
    "http://www.w3.org/TR/xhtml1/DTD/xhtml1-transitional.dtd">
<html xmlns="http://www.w3.org/1999/xhtml" xml:lang="en" lang="en">
 <head>
  <title>
</title>
<meta http-equiv="Content-Type" content="text/html;charset=utf-8" />
  <meta name='ocr-system' content='tesseract 3.04.00' />
  <meta name='ocr-capabilities' content='ocr_page ocr_carea ocr_par ocr_line ocrx_word'/>
</head>
<body>
  <div class='ocr_page' id='page_1' title='image "./materialsforhis01robegoog_0583.png"; bbox 0 0 3316 6240; ppageno 0'>
   <div class='ocr_carea' id='block_1_1' title="bbox 383 766 1567 860">
    <p class='ocr_par' dir='ltr' id='par_1_1' title="bbox 383 766 1567 860">
     <span class='ocr_line' id='line_1_1' title="bbox 383 766 1567 860; baseline 0.008 -24"><span class='ocrx_word' id='word_1_1' title='bbox 383 772 446 837; x_wconf 83' lang='lat'>536</span> <span class='ocrx_word' id='word_1_2' title='bbox 714 787 895 839; x_wconf 73' lang='lat' dir='ltr'>sirmeum</span> <span class='ocrx_word' id='word_1_3' title='bbox 916 766 1102 851; x_wconf 78' lang='lat' dir='ltr'>a&#39;ruoun,</span> <span class='ocrx_word' id='word_1_4' title='bbox 1302 775 1390 860; x_wconf 79' lang='lat' dir='ltr'>[um.</span> <span class='ocrx_word' id='word_1_5' title='bbox 1410 792 1457 841; x_wconf 82' lang='lat' dir='ltr'>vr.</span> <span class='ocrx_word' id='word_1_6' title='bbox 1561 834 1567 847; x_wconf 88' lang='lat'>.</span> 
     </span>
    </p>
   </div>
   <div class='ocr_carea' id='block_1_2' title="bbox 382 971 1455 1569">
    <p class='ocr_par' dir='ltr' id='par_1_2' title="bbox 382 971 1455 1569">
     <span class='ocr_line' id='line_1_2' title="bbox 382 971 1455 1062; baseline 0.007 -28"><span class='ocrx_word' id='word_1_7' title='bbox 382 976 483 1035; x_wconf 90' lang='lat' dir='ltr'>antur</span> <span class='ocrx_word' id='word_1_8' title='bbox 504 971 656 1037; x_wconf 89' lang='lat' dir='ltr'>ostendit.</span> <span class='ocrx_word' id='word_1_9' title='bbox 703 972 791 1039; x_wconf 88' lang='lat' dir='ltr'>Nam</span> <span class='ocrx_word' id='word_1_10' title='bbox 814 973 971 1060; x_wconf 83' lang='lat' dir='ltr'>egressis¹</span> <span class='ocrx_word' id='word_1_11' title='bbox 993 973 1108 1039; x_wconf 86' lang='lat' dir='ltr'>vitulis</span> <span class='ocrx_word' id='word_1_12' title='bbox 1139 973 1188 1059; x_wconf 67' lang='lat' dir='ltr'>inq</span> <span class='ocrx_word' id='word_1_13' title='bbox 1209 992 1345 1062; x_wconf 82' lang='lat' dir='ltr'>agrum,</span> <span class='ocrx_word' id='word_1_14' title='bbox 1372 997 1455 1043; x_wconf 86' lang='lat' dir='ltr'>eum</span> 
     </span>
     <span class='ocr_line' id='line_1_3' title="bbox 382 1073 1454 1163; baseline 0.008 -27"><span class='ocrx_word' id='word_1_15' title='bbox 382 1073 526 1137; x_wconf 88' lang='lat' dir='ltr'>vitulum</span> <span class='ocrx_word' id='word_1_16' title='bbox 543 1075 600 1159; x_wconf 91' lang='lat' dir='ltr'>qui</span> <span class='ocrx_word' id='word_1_17' title='bbox 627 1074 690 1138; x_wconf 86' lang='lat' dir='ltr'>sibi</span> <span class='ocrx_word' id='word_1_18' title='bbox 705 1077 896 1161; x_wconf 71' lang='lat' dir='ltr'>negabatur,</span> <span class='ocrx_word' id='word_1_19' title='bbox 921 1078 978 1161; x_wconf 90' lang='lat' dir='ltr'>qui</span> <span class='ocrx_word' id='word_1_20' title='bbox 1000 1082 1036 1142; x_wconf 89' lang='lat' dir='ltr'>et</span> <span class='ocrx_word' id='word_1_21' title='bbox 1056 1077 1231 1163; x_wconf 73' lang='lat' dir='ltr'>speciosior</span> <span class='ocrx_word' id='word_1_22' title='bbox 1253 1079 1393 1145; x_wconf 83' lang='lat' dir='ltr'>caeteris</span> <span class='ocrx_word' id='word_1_23' title='bbox 1418 1083 1454 1145; x_wconf 87' lang='lat' dir='ltr'>et</span> 
     </span>
     <span class='ocr_line' id='line_1_4' title="bbox 382 1176 1450 1264; baseline 0.005 -24"><span class='ocrx_word' id='word_1_24' title='bbox 382 1176 492 1241; x_wconf 86' lang='lat' dir='ltr'>sanior</span> <span class='ocrx_word' id='word_1_25' title='bbox 512 1177 695 1255; x_wconf 89' lang='lat' dir='ltr'>videbatur,</span> <span class='ocrx_word' id='word_1_26' title='bbox 719 1200 736 1242; x_wconf 91' lang='lat' dir='ltr'>e</span> <span class='ocrx_word' id='word_1_27' title='bbox 759 1179 899 1263; x_wconf 79' lang='lat' dir='ltr'>vestigio</span> <span class='ocrx_word' id='word_1_28' title='bbox 922 1179 1021 1264; x_wconf 81' lang='lat' dir='ltr'>plaga</span> <span class='ocrx_word' id='word_1_29' title='bbox 1042 1179 1209 1264; x_wconf 85' lang='lat' dir='ltr'>percussit,</span> <span class='ocrx_word' id='word_1_30' title='bbox 1229 1184 1265 1245; x_wconf 90' lang='lat' dir='ltr'>et</span> <span class='ocrx_word' id='word_1_31' title='bbox 1290 1185 1450 1245; x_wconf 88' lang='lat' dir='ltr'>mortuus</span> 
     </span>
     <span class='ocr_line' id='line_1_5' title="bbox 383 1280 1449 1366; baseline 0.004 -23"><span class='ocrx_word' id='word_1_32' title='bbox 383 1285 451 1358; x_wconf 85' lang='lat' dir='ltr'>est3</span> <span class='ocrx_word' id='word_1_33' title='bbox 474 1301 533 1345; x_wconf 83' lang='lat' dir='ltr'>nec</span> <span class='ocrx_word' id='word_1_34' title='bbox 555 1280 694 1345; x_wconf 86' lang='lat' dir='ltr'>ulterius</span> <span class='ocrx_word' id='word_1_35' title='bbox 720 1280 811 1345; x_wconf 85' lang='lat' dir='ltr'>visus</span> <span class='ocrx_word' id='word_1_36' title='bbox 834 1286 884 1361; x_wconf 79' lang='lat' dir='ltr'>est</span> <span class='ocrx_word' id='word_1_37' title='bbox 907 1281 1009 1347; x_wconf 84' lang='lat' dir='ltr'>donee</span> <span class='ocrx_word' id='word_1_38' title='bbox 1035 1282 1188 1366; x_wconf 87' lang='lat' dir='ltr'>putridus</span> <span class='ocrx_word' id='word_1_39' title='bbox 1211 1289 1248 1348; x_wconf 87' lang='lat' dir='ltr'>et</span> <span class='ocrx_word' id='word_1_40' title='bbox 1268 1285 1449 1355; x_wconf 77' lang='lat' dir='ltr'>vermibus</span> 
     </span>
     <span class='ocr_line' id='line_1_6' title="bbox 383 1382 1447 1469; baseline 0.006 -23"><span class='ocrx_word' id='word_1_41' title='bbox 383 1387 596 1467; x_wconf 84' lang='lat' dir='ltr'>consumptus</span> <span class='ocrx_word' id='word_1_42' title='bbox 629 1382 716 1447; x_wconf 89' lang='lat' dir='ltr'>inter</span> <span class='ocrx_word' id='word_1_43' title='bbox 748 1382 871 1448; x_wconf 85' lang='lat' dir='ltr'>culmos</span> <span class='ocrx_word' id='word_1_44' title='bbox 906 1383 1026 1468; x_wconf 84' lang='lat' dir='ltr'>segetis</span> <span class='ocrx_word' id='word_1_45' title='bbox 1058 1405 1125 1469; x_wconf 81' lang='lat' dir='ltr'>prae</span> <span class='ocrx_word' id='word_1_46' title='bbox 1159 1383 1286 1451; x_wconf 84' lang='lat' dir='ltr'>foribus</span> <span class='ocrx_word' id='word_1_47' title='bbox 1322 1386 1447 1452; x_wconf 87' lang='lat' dir='ltr'>domus</span> 
     </span>
     <span class='ocr_line' id='line_1_7' title="bbox 384 1481 811 1569; baseline 0.002 -23"><span class='ocrx_word' id='word_1_48' title='bbox 384 1481 509 1548; x_wconf 90' lang='lat' dir='ltr'>domini</span> <span class='ocrx_word' id='word_1_49' title='bbox 532 1484 584 1548; x_wconf 89' lang='lat' dir='ltr'>sui</span> <span class='ocrx_word' id='word_1_50' title='bbox 607 1483 811 1569; x_wconf 74' lang='lat' dir='ltr'>reperiretur.</span> 
     </span>
    </p>
   </div>
   <div class='ocr_carea' id='block_1_3' title="bbox 583 1716 1239 1806">
    <p class='ocr_par' dir='ltr' id='par_1_3' title="bbox 583 1716 1239 1806">
     <span class='ocr_line' id='line_1_8' title="bbox 583 1716 1239 1806; baseline 0.003 -24"><span class='ocrx_word' id='word_1_51' title='bbox 583 1716 684 1806; x_wconf 81' lang='lat'>(157.)</span> <span class='ocrx_word' id='word_1_52' title='bbox 709 1718 756 1785; x_wconf 86' lang='lat' dir='ltr'>De</span> <span class='ocrx_word' id='word_1_53' title='bbox 778 1739 876 1786; x_wconf 79' lang='lat' dir='ltr'>meru</span> <span class='ocrx_word' id='word_1_54' title='bbox 899 1740 923 1785; x_wconf 84' lang='lat' dir='ltr'>o</span> <span class='ocrx_word' id='word_1_55' title='bbox 944 1725 1048 1788; x_wconf 79' lang='lat' dir='ltr'>morte</span> <span class='ocrx_word' id='word_1_56' title='bbox 1071 1718 1239 1788; x_wconf 71' lang='lat' dir='ltr'>ecaritate.</span> 
     </span>
    </p>
   </div>
   <div class='ocr_carea' id='block_1_4' title="bbox 211 1876 1501 3696">
    <p class='ocr_par' dir='ltr' id='par_1_4' title="bbox 211 1876 1501 3696">
     <span class='ocr_line' id='line_1_9' title="bbox 215 1876 1442 1964; baseline -0.001 -20"><span class='ocrx_word' id='word_1_57' title='bbox 215 1890 318 1959; x_wconf 77' lang='lat' dir='ltr'>Apoor</span> <span class='ocrx_word' id='word_1_58' title='bbox 430 1876 496 1957; x_wconf 84' lang='lat' dir='ltr'>Qui</span> <span class='ocrx_word' id='word_1_59' title='bbox 518 1876 618 1943; x_wconf 85' lang='lat' dir='ltr'>habet</span> <span class='ocrx_word' id='word_1_60' title='bbox 640 1899 735 1943; x_wconf 87' lang='lat' dir='ltr'>aures</span> <span class='ocrx_word' id='word_1_61' title='bbox 766 1878 924 1944; x_wconf 86' lang='lat' dir='ltr'>audiendi</span> <span class='ocrx_word' id='word_1_62' title='bbox 946 1879 1062 1945; x_wconf 88' lang='lat' dir='ltr'>audiat</span> <span class='ocrx_word' id='word_1_63' title='bbox 1085 1878 1166 1964; x_wconf 84' lang='lat' dir='ltr'>quid</span> <span class='ocrx_word' id='word_1_64' title='bbox 1189 1876 1442 1945; x_wconf 83' lang='lat' dir='ltr'>Lemovioonses</span> 
     </span>
     <span class='ocr_line' id='line_1_10' title="bbox 214 1964 1441 2076; baseline 0.001 -32"><span class='ocrx_word' id='word_1_65' title='bbox 214 1964 362 2076; x_wconf 58' lang='lat' dir='ltr'>ppqqpeow</span> <span class='ocrx_word' id='word_1_66' title='bbox 385 1979 503 2045; x_wconf 88' lang='lat' dir='ltr'>dicant.</span> <span class='ocrx_word' id='word_1_67' title='bbox 551 1981 615 2046; x_wconf 85' lang='lat' dir='ltr'>Res</span> <span class='ocrx_word' id='word_1_68' title='bbox 638 1981 702 2045; x_wconf 87' lang='lat' dir='ltr'>fide</span> <span class='ocrx_word' id='word_1_69' title='bbox 733 1981 838 2066; x_wconf 91' lang='lat' dir='ltr'>major</span> <span class='ocrx_word' id='word_1_70' title='bbox 861 1987 929 2062; x_wconf 88' lang='lat' dir='ltr'>est;</span> <span class='ocrx_word' id='word_1_71' title='bbox 959 1981 1017 2046; x_wconf 87' lang='lat' dir='ltr'>sed</span> <span class='ocrx_word' id='word_1_72' title='bbox 1040 1986 1092 2047; x_wconf 89' lang='lat' dir='ltr'>tot</span> <span class='ocrx_word' id='word_1_73' title='bbox 1115 1979 1333 2046; x_wconf 71' lang='lat' dir='ltr'>referentibus</span> <span class='ocrx_word' id='word_1_74' title='bbox 1364 1979 1441 2065; x_wconf 82' lang='lat' dir='ltr'>quis</span> 
     </span>
     <span class='ocr_line' id='line_1_11' title="bbox 211 2081 1441 2163; baseline 0.004 -21"><span class='ocrx_word' id='word_1_75' title='bbox 211 2092 344 2142; x_wconf 82' lang='lat' dir='ltr'>Limousin</span> <span class='ocrx_word' id='word_1_76' title='bbox 384 2082 483 2147; x_wconf 88' lang='lat' dir='ltr'>fidem</span> <span class='ocrx_word' id='word_1_77' title='bbox 506 2083 559 2147; x_wconf 88' lang='lat' dir='ltr'>vel</span> <span class='ocrx_word' id='word_1_78' title='bbox 585 2083 737 2148; x_wconf 89' lang='lat' dir='ltr'>auditum</span> <span class='ocrx_word' id='word_1_79' title='bbox 767 2104 835 2149; x_wconf 91' lang='lat' dir='ltr'>non</span> <span class='ocrx_word' id='word_1_80' title='bbox 857 2083 1039 2149; x_wconf 78' lang='lat' dir='ltr'>adhibeatl</span> <span class='ocrx_word' id='word_1_81' title='bbox 1097 2081 1345 2163; x_wconf 77' lang='lat' dir='ltr'><strong>Quodammodo</strong></span> <span class='ocrx_word' id='word_1_82' title='bbox 1379 2102 1441 2147; x_wconf 89' lang='lat' dir='ltr'>no·</span> 
     </span>
     <span class='ocr_line' id='line_1_12' title="bbox 212 2162 1441 2287; baseline 0.001 -40"><span class='ocrx_word' id='word_1_83' title='bbox 212 2162 369 2287; x_wconf 45' lang='lat' dir='ltr'>{ffifflth’</span> <span class='ocrx_word' id='word_1_84' title='bbox 384 2183 488 2248; x_wconf 84' lang='lat' dir='ltr'>lentes</span> <span class='ocrx_word' id='word_1_85' title='bbox 511 2183 657 2263; x_wconf 82' lang='lat' dir='ltr'>dicimus,</span> <span class='ocrx_word' id='word_1_86' title='bbox 682 2185 770 2270; x_wconf 89' lang='lat' dir='ltr'>quod</span> <span class='ocrx_word' id='word_1_87' title='bbox 793 2191 905 2250; x_wconf 87' lang='lat' dir='ltr'>tamen</span> <span class='ocrx_word' id='word_1_88' title='bbox 921 2207 943 2251; x_wconf 87' lang='lat' dir='ltr'>a</span> <span class='ocrx_word' id='word_1_89' title='bbox 965 2185 1079 2250; x_wconf 91' lang='lat' dir='ltr'>multis</span> <span class='ocrx_word' id='word_1_90' title='bbox 1100 2184 1273 2250; x_wconf 79' lang='lat' dir='ltr'>didicimus</span> <span class='ocrx_word' id='word_1_91' title='bbox 1296 2203 1441 2269; x_wconf 85' lang='lat' dir='ltr'>quorum</span> 
     </span>
     <span class='ocr_line' id='line_1_13' title="bbox 380 2287 1440 2374; baseline -0.001 -24"><span class='ocrx_word' id='word_1_92' title='bbox 380 2287 453 2351; x_wconf 89' lang='lat' dir='ltr'>vita</span> <span class='ocrx_word' id='word_1_93' title='bbox 475 2287 613 2372; x_wconf 89' lang='lat' dir='ltr'>probata</span> <span class='ocrx_word' id='word_1_94' title='bbox 639 2294 674 2353; x_wconf 87' lang='lat' dir='ltr'>et</span> <span class='ocrx_word' id='word_1_95' title='bbox 703 2288 881 2354; x_wconf 85' lang='lat' dir='ltr'>auctoritas</span> <span class='ocrx_word' id='word_1_96' title='bbox 905 2294 1070 2374; x_wconf 70' lang='lat' dir='ltr'>praecepta</span> <span class='ocrx_word' id='word_1_97' title='bbox 1101 2287 1200 2352; x_wconf 87' lang='lat' dir='ltr'>fidem</span> <span class='ocrx_word' id='word_1_98' title='bbox 1234 2290 1440 2352; x_wconf 81' lang='lat' dir='ltr'>meruerunt</span> 
     </span>
     <span class='ocr_line' id='line_1_14' title="bbox 381 2387 1441 2475; baseline 0 -24"><span class='ocrx_word' id='word_1_99' title='bbox 381 2388 462 2452; x_wconf 88' lang='lat' dir='ltr'>Fuit</span> <span class='ocrx_word' id='word_1_100' title='bbox 499 2389 634 2473; x_wconf 90' lang='lat' dir='ltr'>quidam</span> <span class='ocrx_word' id='word_1_101' title='bbox 671 2411 796 2475; x_wconf 82' lang='lat' dir='ltr'>pauper</span> <span class='ocrx_word' id='word_1_102' title='bbox 833 2390 869 2453; x_wconf 92' lang='lat' dir='ltr'>in</span> <span class='ocrx_word' id='word_1_103' title='bbox 904 2410 943 2455; x_wconf 88' lang='lat' dir='ltr'>ea</span> <span class='ocrx_word' id='word_1_104' title='bbox 980 2390 1112 2475; x_wconf 85' lang='lat' dir='ltr'>regione</span> <span class='ocrx_word' id='word_1_105' title='bbox 1145 2388 1277 2455; x_wconf 86' lang='lat' dir='ltr'>unicam</span> <span class='ocrx_word' id='word_1_106' title='bbox 1310 2387 1441 2453; x_wconf 86' lang='lat' dir='ltr'>habens</span> 
     </span>
     <span class='ocr_line' id='line_1_15' title="bbox 381 2489 1442 2576; baseline 0 -23"><span class='ocrx_word' id='word_1_107' title='bbox 381 2511 522 2568; x_wconf 85' lang='lat' dir='ltr'>vaccam,</span> <span class='ocrx_word' id='word_1_108' title='bbox 547 2492 587 2555; x_wconf 90' lang='lat' dir='ltr'>de</span> <span class='ocrx_word' id='word_1_109' title='bbox 611 2513 676 2576; x_wconf 91' lang='lat' dir='ltr'>qua</span> <span class='ocrx_word' id='word_1_110' title='bbox 706 2491 752 2556; x_wconf 90' lang='lat' dir='ltr'>rei</span> <span class='ocrx_word' id='word_1_111' title='bbox 776 2491 948 2557; x_wconf 82' lang='lat' dir='ltr'>familiaris</span> <span class='ocrx_word' id='word_1_112' title='bbox 978 2491 1146 2576; x_wconf 86' lang='lat' dir='ltr'>impendia</span> <span class='ocrx_word' id='word_1_113' title='bbox 1175 2489 1442 2574; x_wconf 80' lang='lat' dir='ltr'>consequebatur</span> 
     </span>
     <span class='ocr_line' id='line_1_16' title="bbox 383 2592 1438 2679; baseline 0 -23"><span class='ocrx_word' id='word_1_114' title='bbox 383 2598 417 2656; x_wconf 87' lang='lat' dir='ltr'>et</span> <span class='ocrx_word' id='word_1_115' title='bbox 439 2593 572 2657; x_wconf 89' lang='lat' dir='ltr'>domum</span> <span class='ocrx_word' id='word_1_116' title='bbox 594 2615 688 2657; x_wconf 81' lang='lat' dir='ltr'>suam</span> <span class='ocrx_word' id='word_1_117' title='bbox 711 2593 943 2679; x_wconf 86' lang='lat' dir='ltr'>pauperculam</span> <span class='ocrx_word' id='word_1_118' title='bbox 959 2593 1174 2658; x_wconf 85' lang='lat' dir='ltr'>sustentabat.</span> <span class='ocrx_word' id='word_1_119' title='bbox 1221 2592 1304 2657; x_wconf 86' lang='lat' dir='ltr'>Haeo</span> <span class='ocrx_word' id='word_1_120' title='bbox 1319 2592 1438 2657; x_wconf 89' lang='lat' dir='ltr'>morbo</span> 
     </span>
     <span class='ocr_line' id='line_1_17' title="bbox 382 2692 1440 2779; baseline 0.002 -21"><span class='ocrx_word' id='word_1_121' title='bbox 382 2701 497 2759; x_wconf 88' lang='lat' dir='ltr'>enecta</span> <span class='ocrx_word' id='word_1_122' title='bbox 519 2694 652 2759; x_wconf 89' lang='lat' dir='ltr'>domum</span> <span class='ocrx_word' id='word_1_123' title='bbox 684 2694 776 2760; x_wconf 88' lang='lat' dir='ltr'>victu</span> <span class='ocrx_word' id='word_1_124' title='bbox 807 2695 968 2771; x_wconf 85' lang='lat' dir='ltr'>destituit,</span> <span class='ocrx_word' id='word_1_125' title='bbox 992 2695 1226 2779; x_wconf 91' lang='lat' dir='ltr'>dominumque</span> <span class='ocrx_word' id='word_1_126' title='bbox 1249 2692 1440 2760; x_wconf 85' lang='lat' dir='ltr'>desolatum</span> 
     </span>
     <span class='ocr_line' id='line_1_18' title="bbox 382 2796 1439 2884; baseline 0.003 -25"><span class='ocrx_word' id='word_1_127' title='bbox 382 2796 565 2880; x_wconf 88' lang='lat' dir='ltr'>dereliquit.</span> <span class='ocrx_word' id='word_1_128' title='bbox 614 2797 678 2876; x_wconf 79' lang='lat' dir='ltr'>Qui</span> <span class='ocrx_word' id='word_1_129' title='bbox 703 2802 815 2862; x_wconf 84' lang='lat' dir='ltr'>tamen</span> <span class='ocrx_word' id='word_1_130' title='bbox 846 2819 945 2882; x_wconf 89' lang='lat' dir='ltr'>quam</span> <span class='ocrx_word' id='word_1_131' title='bbox 969 2797 1081 2884; x_wconf 88' lang='lat' dir='ltr'>potuit</span> <span class='ocrx_word' id='word_1_132' title='bbox 1099 2797 1282 2861; x_wconf 79' lang='lat' dir='ltr'>utilitatem</span> <span class='ocrx_word' id='word_1_133' title='bbox 1306 2817 1350 2860; x_wconf 83' lang='lat' dir='ltr'>ex</span> <span class='ocrx_word' id='word_1_134' title='bbox 1384 2817 1439 2862; x_wconf 84' lang='lat' dir='ltr'>ca-</span> 
     </span>
     <span class='ocr_line' id='line_1_19' title="bbox 382 2899 1441 2975; baseline 0.001 -13"><span class='ocrx_word' id='word_1_135' title='bbox 382 2899 501 2965; x_wconf 85' lang='lat' dir='ltr'>davere</span> <span class='ocrx_word' id='word_1_136' title='bbox 524 2905 716 2965; x_wconf 86' lang='lat' dir='ltr'>consecutus</span> <span class='ocrx_word' id='word_1_137' title='bbox 751 2905 808 2964; x_wconf 90' lang='lat' dir='ltr'>est.</span> <span class='ocrx_word' id='word_1_138' title='bbox 866 2899 955 2964; x_wconf 88' lang='lat' dir='ltr'>Nam</span> <span class='ocrx_word' id='word_1_139' title='bbox 989 2899 1114 2965; x_wconf 89' lang='lat' dir='ltr'>corium</span> <span class='ocrx_word' id='word_1_140' title='bbox 1149 2899 1314 2975; x_wconf 80' lang='lat' dir='ltr'>distraxit,</span> <span class='ocrx_word' id='word_1_141' title='bbox 1338 2904 1441 2963; x_wconf 78' lang='lat' dir='ltr'>terne</span> 
     </span>
     <span class='ocr_line' id='line_1_20' title="bbox 381 3001 1441 3086; baseline -0.001 -20"><span class='ocrx_word' id='word_1_142' title='bbox 381 3024 460 3067; x_wconf 83' lang='lat' dir='ltr'>vero</span> <span class='ocrx_word' id='word_1_143' title='bbox 482 3003 623 3069; x_wconf 87' lang='lat' dir='ltr'>cadaver</span> <span class='ocrx_word' id='word_1_144' title='bbox 652 3003 782 3082; x_wconf 86' lang='lat' dir='ltr'>infodit,</span> <span class='ocrx_word' id='word_1_145' title='bbox 806 3002 954 3067; x_wconf 84' lang='lat' dir='ltr'>eximens</span> <span class='ocrx_word' id='word_1_146' title='bbox 985 3003 1153 3068; x_wconf 79' lang='lat' dir='ltr'>asinorum</span> <span class='ocrx_word' id='word_1_147' title='bbox 1185 3001 1367 3086; x_wconf 66' lang='lat' dir='ltr'>sepultura</span> <span class='ocrx_word' id='word_1_148' title='bbox 1402 3008 1441 3066; x_wconf 91' lang='lat' dir='ltr'>et</span> 
     </span>
     <span class='ocr_line' id='line_1_21' title="bbox 381 3104 1441 3190; baseline 0.001 -22"><span class='ocrx_word' id='word_1_149' title='bbox 381 3105 519 3190; x_wconf 84' lang='lat' dir='ltr'>ingratis</span> <span class='ocrx_word' id='word_1_150' title='bbox 542 3106 655 3171; x_wconf 91' lang='lat' dir='ltr'>avium</span> <span class='ocrx_word' id='word_1_151' title='bbox 682 3104 842 3170; x_wconf 88' lang='lat' dir='ltr'>morsibus</span> <span class='ocrx_word' id='word_1_152' title='bbox 863 3105 951 3189; x_wconf 90' lang='lat' dir='ltr'>quod</span> <span class='ocrx_word' id='word_1_153' title='bbox 973 3105 1095 3171; x_wconf 88' lang='lat' dir='ltr'>totiens</span> <span class='ocrx_word' id='word_1_154' title='bbox 1117 3104 1181 3169; x_wconf 91' lang='lat' dir='ltr'>sibi</span> <span class='ocrx_word' id='word_1_155' title='bbox 1203 3108 1336 3190; x_wconf 83' lang='lat' dir='ltr'>gratum</span> <span class='ocrx_word' id='word_1_156' title='bbox 1359 3123 1441 3170; x_wconf 88' lang='lat' dir='ltr'>con·</span> 
     </span>
     <span class='ocr_line' id='line_1_22' title="bbox 381 3206 737 3274; baseline 0 -4"><span class='ocrx_word' id='word_1_157' title='bbox 381 3206 513 3272; x_wconf 88' lang='lat' dir='ltr'>tulisset</span> <span class='ocrx_word' id='word_1_158' title='bbox 536 3208 737 3274; x_wconf 87' lang='lat' dir='ltr'>beneficium.</span> 
     </span>
     <span class='ocr_line' id='line_1_23' title="bbox 428 3305 1501 3397; baseline -0.001 -25"><span class='ocrx_word' id='word_1_159' title='bbox 428 3309 506 3373; x_wconf 91' lang='lat' dir='ltr'>Non</span> <span class='ocrx_word' id='word_1_160' title='bbox 529 3308 653 3373; x_wconf 86' lang='lat' dir='ltr'>habens</span> <span class='ocrx_word' id='word_1_161' title='bbox 692 3329 768 3393; x_wconf 87' lang='lat' dir='ltr'>ergo</span> <span class='ocrx_word' id='word_1_162' title='bbox 798 3307 932 3373; x_wconf 87' lang='lat' dir='ltr'>solitum</span> <span class='ocrx_word' id='word_1_163' title='bbox 965 3309 1014 3373; x_wconf 88' lang='lat' dir='ltr'>rei</span> <span class='ocrx_word' id='word_1_164' title='bbox 1047 3307 1217 3374; x_wconf 87' lang='lat' dir='ltr'>familiaris</span> <span class='ocrx_word' id='word_1_165' title='bbox 1250 3305 1438 3373; x_wconf 88' lang='lat' dir='ltr'>adminicu-</span> <span class='ocrx_word' id='word_1_166' title='bbox 1498 3392 1501 3397; x_wconf 27' lang='grc' dir='ltr'>Ι</span> 
     </span>
     <span class='ocr_line' id='line_1_24' title="bbox 382 3409 1438 3496; baseline 0.002 -23"><span class='ocrx_word' id='word_1_167' title='bbox 382 3410 460 3485; x_wconf 90' lang='lat' dir='ltr'>lum,</span> <span class='ocrx_word' id='word_1_168' title='bbox 495 3411 636 3494; x_wconf 80' lang='lat' dir='ltr'>martyri</span> <span class='ocrx_word' id='word_1_169' title='bbox 662 3410 796 3474; x_wconf 70' lang='lat' dir='ltr'>Theman</span> <span class='ocrx_word' id='word_1_170' title='bbox 828 3409 1073 3494; x_wconf 85' lang='lat' dir='ltr'>lacrymabilem</span> <span class='ocrx_word' id='word_1_171' title='bbox 1107 3409 1345 3496; x_wconf 82' lang='lat' dir='ltr'>querimoniam</span> <span class='ocrx_word' id='word_1_172' title='bbox 1379 3410 1438 3475; x_wconf 90' lang='lat' dir='ltr'>de·</span> 
     </span>
     <span class='ocr_line' id='line_1_25' title="bbox 212 3509 1439 3603; baseline 0.001 -27"><span class='ocrx_word' id='word_1_173' title='bbox 212 3526 292 3603; x_wconf 25' lang='lat' dir='ltr'>ranst.</span> <span class='ocrx_word' id='word_1_174' title='bbox 382 3510 493 3596; x_wconf 88' lang='lat' dir='ltr'>posuit</span> <span class='ocrx_word' id='word_1_175' title='bbox 515 3516 550 3574; x_wconf 90' lang='lat' dir='ltr'>ot</span> <span class='ocrx_word' id='word_1_176' title='bbox 572 3511 636 3574; x_wconf 88' lang='lat' dir='ltr'>sibi</span> <span class='ocrx_word' id='word_1_177' title='bbox 659 3509 817 3575; x_wconf 82' lang='lat' dir='ltr'>victualia</span> <span class='ocrx_word' id='word_1_178' title='bbox 839 3511 1035 3596; x_wconf 82' lang='lat' dir='ltr'>depoposcit</span> <span class='ocrx_word' id='word_1_179' title='bbox 1092 3511 1187 3592; x_wconf 81' lang='lat' dir='ltr'>Quod</span> <span class='ocrx_word' id='word_1_180' title='bbox 1214 3533 1288 3579; x_wconf 91' lang='lat' dir='ltr'>cum</span> <span class='ocrx_word' id='word_1_181' title='bbox 1313 3511 1439 3596; x_wconf 85' lang='lat' dir='ltr'>saepius</span> 
     </span>
     <span class='ocr_line' id='line_1_26' title="bbox 213 3593 1438 3696; baseline 0.004 -22"><span class='ocrx_word' id='word_1_182' title='bbox 213 3593 333 3643; x_wconf 65' lang='lat' dir='ltr'>N¹⁰¹¹⁰¹l⁸</span> <span class='ocrx_word' id='word_1_183' title='bbox 382 3611 511 3691; x_wconf 84' lang='lat' dir='ltr'>faceret,</span> <span class='ocrx_word' id='word_1_184' title='bbox 550 3617 584 3677; x_wconf 88' lang='lat' dir='ltr'>et</span> <span class='ocrx_word' id='word_1_185' title='bbox 624 3616 804 3696; x_wconf 84' lang='lat' dir='ltr'>martyrem</span> <span class='ocrx_word' id='word_1_186' title='bbox 846 3612 1045 3692; x_wconf 85' lang='lat' dir='ltr'>sollicitaret,</span> <span class='ocrx_word' id='word_1_187' title='bbox 1091 3620 1200 3680; x_wconf 89' lang='lat' dir='ltr'>motus</span> <span class='ocrx_word' id='word_1_188' title='bbox 1241 3618 1275 3679; x_wconf 88' lang='lat' dir='ltr'>et</span> <span class='ocrx_word' id='word_1_189' title='bbox 1318 3612 1438 3679; x_wconf 80' lang='lat' dir='ltr'>volens</span> 
     </span>
    </p>
   </div>
   <div class='ocr_carea' id='block_1_5' title="bbox 213 3663 1438 3799">
    <p class='ocr_par' dir='ltr' id='par_1_5' title="bbox 213 3663 1438 3799">
     <span class='ocr_line' id='line_1_27' title="bbox 213 3663 1438 3799; baseline 0.004 -24"><span class='ocrx_word' id='word_1_190' title='bbox 213 3663 360 3791; x_wconf 52' lang='lat' dir='ltr'>ppppqrpqys</span> <span class='ocrx_word' id='word_1_191' title='bbox 382 3719 510 3799; x_wconf 86' lang='lat' dir='ltr'>martyr</span> <span class='ocrx_word' id='word_1_192' title='bbox 543 3719 693 3780; x_wconf 85' lang='lat' dir='ltr'>vetorum</span> <span class='ocrx_word' id='word_1_193' title='bbox 725 3719 911 3782; x_wconf 87' lang='lat' dir='ltr'>sanctorum</span> <span class='ocrx_word' id='word_1_194' title='bbox 938 3737 1094 3782; x_wconf 84' lang='lat' dir='ltr'>renovare</span> <span class='ocrx_word' id='word_1_195' title='bbox 1128 3715 1294 3792; x_wconf 82' lang='lat' dir='ltr'>nriracula,</span> <span class='ocrx_word' id='word_1_196' title='bbox 1318 3715 1438 3780; x_wconf 90' lang='lat' dir='ltr'>mirifi-</span> 
     </span>
    </p>
   </div>
   <div class='ocr_carea' id='block_1_6' title="bbox 213 3793 1437 4420">
    <p class='ocr_par' dir='ltr' id='par_1_6' title="bbox 213 3793 1437 4420">
     <span class='ocr_line' id='line_1_28' title="bbox 214 3793 1436 3911; baseline -0.002 -27"><span class='ocrx_word' id='word_1_197' title='bbox 214 3793 361 3911; x_wconf 53' lang='lat' dir='ltr'>{J&#39;ffihad</span> <span class='ocrx_word' id='word_1_198' title='bbox 383 3839 484 3903; x_wconf 86' lang='lat' dir='ltr'>eaque</span> <span class='ocrx_word' id='word_1_199' title='bbox 519 3818 673 3884; x_wconf 85' lang='lat' dir='ltr'>Nicholai</span> <span class='ocrx_word' id='word_1_200' title='bbox 708 3819 826 3884; x_wconf 83' lang='lat' dir='ltr'>sectari</span> <span class='ocrx_word' id='word_1_201' title='bbox 860 3820 1008 3905; x_wconf 78' lang='lat' dir='ltr'>vestigia,</span> <span class='ocrx_word' id='word_1_202' title='bbox 1035 3820 1182 3904; x_wconf 89' lang='lat' dir='ltr'>(eloquar</span> <span class='ocrx_word' id='word_1_203' title='bbox 1204 3841 1248 3884; x_wconf 91' lang='lat' dir='ltr'>an</span> <span class='ocrx_word' id='word_1_204' title='bbox 1280 3817 1395 3883; x_wconf 87' lang='lat' dir='ltr'>sileam</span> <span class='ocrx_word' id='word_1_205' title='bbox 1410 3822 1436 3904; x_wconf 72' lang='grc' dir='ltr'>ἲ)</span> 
     </span>
     <span class='ocr_line' id='line_1_29' title="bbox 213 3920 1437 4005; baseline 0.007 -30"><span class='ocrx_word' id='word_1_206' title='bbox 213 3927 278 4002; x_wconf 64' lang='lat' dir='ltr'>been</span> <span class='ocrx_word' id='word_1_207' title='bbox 290 3928 369 3978; x_wconf 76' lang='lat' dir='ltr'>curin</span> <span class='ocrx_word' id='word_1_208' title='bbox 383 3920 593 3988; x_wconf 87' lang='lat' dir='ltr'>morticinum</span> <span class='ocrx_word' id='word_1_209' title='bbox 616 3921 659 3985; x_wconf 89' lang='lat' dir='ltr'>ad</span> <span class='ocrx_word' id='word_1_210' title='bbox 690 3921 795 3986; x_wconf 90' lang='lat' dir='ltr'>vitam</span> <span class='ocrx_word' id='word_1_211' title='bbox 827 3921 1003 3999; x_wconf 86' lang='lat' dir='ltr'>revocavit,</span> <span class='ocrx_word' id='word_1_212' title='bbox 1028 3927 1061 3985; x_wconf 90' lang='lat' dir='ltr'>et</span> <span class='ocrx_word' id='word_1_213' title='bbox 1083 3921 1125 3986; x_wconf 88' lang='lat' dir='ltr'>ad</span> <span class='ocrx_word' id='word_1_214' title='bbox 1148 3921 1271 3986; x_wconf 91' lang='lat' dir='ltr'>ostium</span> <span class='ocrx_word' id='word_1_215' title='bbox 1303 3921 1437 4005; x_wconf 90' lang='lat' dir='ltr'>queruli</span> 
     </span>
     <span class='ocr_line' id='line_1_30' title="bbox 214 4007 1435 4111; baseline 0 -22"><span class='ocrx_word' id='word_1_216' title='bbox 214 4007 305 4054; x_wconf 54' lang='lat' dir='ltr'>pm·</span> <span class='ocrx_word' id='word_1_217' title='bbox 383 4026 535 4111; x_wconf 86' lang='lat' dir='ltr'>pauperis</span> <span class='ocrx_word' id='word_1_218' title='bbox 578 4045 709 4090; x_wconf 83' lang='lat' dir='ltr'>vaccam</span> <span class='ocrx_word' id='word_1_219' title='bbox 748 4025 930 4090; x_wconf 84' lang='lat' dir='ltr'>redivivam</span> <span class='ocrx_word' id='word_1_220' title='bbox 975 4025 1116 4108; x_wconf 88' lang='lat' dir='ltr'>quadam</span> <span class='ocrx_word' id='word_1_221' title='bbox 1159 4031 1256 4091; x_wconf 87' lang='lat' dir='ltr'>noeto</span> <span class='ocrx_word' id='word_1_222' title='bbox 1295 4024 1435 4089; x_wconf 83' lang='lat' dir='ltr'>dimisit.</span> 
     </span>
     <span class='ocr_line' id='line_1_31' title="bbox 383 4128 1436 4215; baseline 0 -23"><span class='ocrx_word' id='word_1_223' title='bbox 383 4130 490 4209; x_wconf 80' lang='lat' dir='ltr'>Quam</span> <span class='ocrx_word' id='word_1_224' title='bbox 506 4150 580 4195; x_wconf 88' lang='lat' dir='ltr'>eum</span> <span class='ocrx_word' id='word_1_225' title='bbox 595 4128 798 4215; x_wconf 79' lang='lat' dir='ltr'>mugientem</span> <span class='ocrx_word' id='word_1_226' title='bbox 814 4134 848 4192; x_wconf 91' lang='lat' dir='ltr'>et</span> <span class='ocrx_word' id='word_1_227' title='bbox 864 4133 1023 4212; x_wconf 89' lang='lat' dir='ltr'>tanquam</span> <span class='ocrx_word' id='word_1_228' title='bbox 1039 4149 1182 4213; x_wconf 85' lang='lat' dir='ltr'>praesepe</span> <span class='ocrx_word' id='word_1_229' title='bbox 1199 4149 1295 4191; x_wconf 92' lang='lat' dir='ltr'>suum</span> <span class='ocrx_word' id='word_1_230' title='bbox 1319 4135 1436 4211; x_wconf 89' lang='lat' dir='ltr'>postu·</span> 
     </span>
     <span class='ocr_line' id='line_1_32' title="bbox 381 4230 1435 4307; baseline -0.001 -11"><span class='ocrx_word' id='word_1_231' title='bbox 381 4231 505 4297; x_wconf 88' lang='lat' dir='ltr'>lantem</span> <span class='ocrx_word' id='word_1_232' title='bbox 542 4231 789 4297; x_wconf 78' lang='lat' dir='ltr'>materfamilias</span> <span class='ocrx_word' id='word_1_233' title='bbox 826 4232 979 4306; x_wconf 84' lang='lat' dir='ltr'>audisset,</span> <span class='ocrx_word' id='word_1_234' title='bbox 1021 4230 1154 4296; x_wconf 87' lang='lat' dir='ltr'>vocavit</span> <span class='ocrx_word' id='word_1_235' title='bbox 1185 4231 1290 4294; x_wconf 89' lang='lat' dir='ltr'>filium</span> <span class='ocrx_word' id='word_1_236' title='bbox 1325 4252 1435 4307; x_wconf 89' lang='lat' dir='ltr'>suum,</span> 
     </span>
     <span class='ocr_line' id='line_1_33' title="bbox 381 4331 1433 4420; baseline -0.001 -22"><span class='ocrx_word' id='word_1_237' title='bbox 381 4334 499 4411; x_wconf 87' lang='lat' dir='ltr'>dicens,</span> <span class='ocrx_word' id='word_1_238' title='bbox 518 4343 534 4369; x_wconf 90' lang='lat'>“</span> <span class='ocrx_word' id='word_1_239' title='bbox 547 4334 659 4420; x_wconf 82' lang='lat' dir='ltr'>Surge,</span> <span class='ocrx_word' id='word_1_240' title='bbox 675 4334 732 4410; x_wconf 89' lang='lat' dir='ltr'>fili,</span> <span class='ocrx_word' id='word_1_241' title='bbox 748 4334 847 4418; x_wconf 88' lang='lat' dir='ltr'>aperi,</span> <span class='ocrx_word' id='word_1_242' title='bbox 863 4355 904 4398; x_wconf 89' lang='lat' dir='ltr'>ne</span> <span class='ocrx_word' id='word_1_243' title='bbox 927 4336 1113 4398; x_wconf 87' lang='lat' dir='ltr'>nostrorum</span> <span class='ocrx_word' id='word_1_244' title='bbox 1129 4352 1228 4397; x_wconf 87' lang='lat' dir='ltr'>vacca</span> <span class='ocrx_word' id='word_1_245' title='bbox 1246 4331 1433 4399; x_wconf 90' lang='lat' dir='ltr'>vicinorum</span> 
     </span>
    </p>
   </div>
   <div class='ocr_carea' id='block_1_7' title="bbox 382 4434 1434 4521">
    <p class='ocr_par' dir='ltr' id='par_1_7' title="bbox 382 4434 1434 4521">
     <span class='ocr_line' id='line_1_34' title="bbox 382 4434 1434 4521; baseline 0 -21"><span class='ocrx_word' id='word_1_246' title='bbox 382 4436 581 4501; x_wconf 83' lang='lat' dir='ltr'>“morsibus</span> <span class='ocrx_word' id='word_1_247' title='bbox 612 4437 765 4521; x_wconf 88' lang='lat' dir='ltr'>luporum</span> <span class='ocrx_word' id='word_1_248' title='bbox 795 4435 892 4521; x_wconf 87' lang='lat' dir='ltr'>eulpa</span> <span class='ocrx_word' id='word_1_249' title='bbox 912 4441 1026 4503; x_wconf 84' lang='lat' dir='ltr'>nostra</span> <span class='ocrx_word' id='word_1_250' title='bbox 1048 4434 1221 4502; x_wconf 83' lang='lat' dir='ltr'>laceranda</span> <span class='ocrx_word' id='word_1_251' title='bbox 1252 4434 1434 4501; x_wconf 54' lang='lat' dir='ltr'>meatur?</span> 
     </span>
    </p>
   </div>
   <div class='ocr_carea' id='block_1_8' title="bbox 608 4597 1007 4606">
    <p class='ocr_par' dir='ltr' id='par_1_8' title="bbox 608 4597 1007 4606">
     <span class='ocr_line' id='line_1_35' title="bbox 608 4597 1007 4606; baseline 0.003 -3"><span class='ocrx_word' id='word_1_252' title='bbox 608 4598 641 4605; x_wconf 81' lang='lat'>-.</span> <span class='ocrx_word' id='word_1_253' title='bbox 649 4597 911 4606; x_wconf 48' lang='grc' dir='ltr'>..-φ-ο*</span> <span class='ocrx_word' id='word_1_254' title='bbox 927 4598 977 4605; x_wconf 74' lang='grc'>--</span> <span class='ocrx_word' id='word_1_255' title='bbox 987 4600 1007 4604; x_wconf 87' lang='grc'>..-</span> 
     </span>
    </p>
   </div>
   <div class='ocr_carea' id='block_1_9' title="bbox 793 4683 1010 4751">
    <p class='ocr_par' dir='ltr' id='par_1_9' title="bbox 793 4683 1010 4751">
     <span class='ocr_line' id='line_1_36' title="bbox 793 4683 1010 4751; baseline 0.014 -16"><span class='ocrx_word' id='word_1_256' title='bbox 793 4683 801 4718; x_wconf 85' lang='lat'>¹</span> <span class='ocrx_word' id='word_1_257' title='bbox 819 4701 940 4751; x_wconf 73' lang='lat' dir='ltr'>eqresrur,</span> <span class='ocrx_word' id='word_1_258' title='bbox 952 4685 1010 4738; x_wconf 63' lang='lat' dir='ltr'>Msa</span> 
     </span>
    </p>
   </div>
   <div class='ocr_carea' id='block_1_10' title="bbox 0 0 1663 6240">
    <p class='ocr_par' dir='ltr' id='par_1_10' title="bbox 0 0 1663 6240">
     <span class='ocr_line' id='line_1_37' title="bbox 0 0 1663 6240; baseline 0 0"><span class='ocrx_word' id='word_1_259' title='bbox 0 0 1663 6240; x_wconf 95' lang='lat' dir='ltr'> </span> 
     </span>
    </p>
   </div>
  </div>
 </body>
</html>
