3316 6240
378 769 445 833 450
711 777 890 829 ursarum
912 777 937 826 s.
961 775 1100 836 moun,
1289 757 1368 842 [nm.
1384 771 1431 821 vr.

378 976 396 1003 “
418 969 551 1032 domum
574 986 681 1029 meam
696 965 823 1040 indum,
848 964 937 1028 eibos
967 981 1106 1047 appono,
1133 980 1230 1025 orans
1253 980 1346 1025 orare
1368 979 1428 1044 pro

380 1076 397 1102 “
419 1067 564 1154 parvulo.
626 1067 815 1132 Oraverunt
849 1069 883 1130 et
916 1065 1202 1149 impetraverunt3
1235 1082 1313 1127 nam
1350 1082 1432 1146 puer

379 1178 397 1206 “
418 1171 529 1234 visum
551 1169 682 1254 reoepit.
729 1167 889 1234 Nondum
919 1166 1043 1232 sciebat
1072 1187 1133 1231 noo
1155 1169 1286 1250 poterat
1316 1183 1430 1228 seeun-

381 1280 397 1307 “
420 1273 500 1337 dum
522 1277 656 1338 aetatem
678 1270 809 1337 eoeleste
832 1269 1028 1335 beneficium
1050 1267 1216 1355 profiteri3
1246 1266 1304 1332 sed
1328 1270 1432 1352 gestu,

381 1382 398 1409 “
419 1395 487 1439 non
509 1395 596 1450 voce,
620 1373 813 1459 designabat
844 1371 934 1456 quod
960 1371 1062 1436 fiebat
1090 1371 1127 1434 in
1157 1391 1199 1435 se.
1246 1369 1432 1434 Nemeum

382 1484 398 1511 “
421 1476 539 1541 mulier
560 1475 672 1541 vicina
693 1474 882 1560 ingrediens
909 1473 952 1538 ad
974 1493 1034 1537 nos
1057 1476 1241 1557 asportaret
1263 1471 1374 1557 ignem
1397 1471 1433 1532 in

384 1586 400 1613 “
422 1578 556 1643 domum
578 1597 680 1653 suam,
697 1598 779 1662 puer
801 1574 911 1642 oculos
934 1574 1057 1660 injecit,
1072 1579 1108 1639 et
1128 1580 1289 1658 tanquam
1311 1573 1434 1637 mirans

384 1678 512 1764 “quod
549 1698 720 1762 nunquam
752 1676 890 1753 viderat,
929 1675 996 1741 fixo
1031 1674 1262 1760 speculabatur
1299 1673 1439 1739 intuitu.

384 1787 402 1816 “
424 1779 697 1846 Circumduoente
726 1778 864 1844 muliere
893 1778 1012 1864 ignem,
1044 1777 1265 1844 circumduxit
1290 1781 1325 1841 et
1353 1797 1436 1861 puer

384 1890 401 1919 “
423 1881 548 1960 ocellos,
579 1885 614 1947 et
635 1881 711 1945 visu
741 1880 957 1968 oomperimus
991 1879 1080 1965 quod
1109 1880 1219 1946 visum
1249 1898 1435 1965 recuperas-

383 1993 401 2022 “
423 1982 499 2049 set.'’

385 2206 465 2293 (41.)
489 2205 538 2272 De
573 2204 717 2273 auore
751 2226 826 2292 quoa
863 2226 935 2272 arou
968 2213 1012 2272 est
1046 2228 1203 2293 oppresso
1240 2227 1264 2271 a
1300 2205 1434 2272 ardena

511 2306 658 2394 fraor'sao
673 2307 926 2395 praemoverat
941 2308 988 2374 od
1009 2309 1119 2374 altore
1133 2306 1304 2394 orartpria.

217 2455 354 2505 Avoman
431 2443 669 2510 Suooidebatm·
690 2443 841 2508 fraxinus
864 2443 962 2508 altari
984 2444 1141 2528 martyris
1165 2442 1302 2508 Thomae
1324 2464 1434 2508 neees-

217 2522 276 2651 {1¹2⁰
282 2522 338 2638 ἔξω
385 2546 478 2623 saria,
510 2545 598 2631 quod
630 2550 774 2610 ereetum
805 2544 914 2610 fuerat
947 2545 983 2608 in
1016 2545 1152 2612 ecelesia
1181 2546 1288 2610 beatae
1320 2544 1435 2609 Mariae

216 2661 352 2836 {pir
384 2646 683 2835 Qum?
690 2644 1132 2836 efsssffieiuaffiui
1132 2666 1375 2816 &affl
1376 2667 1437 2812 ¹1¹ss

218 2801 309 2904 (ἕω-α
383 2851 529 2918 tervenit
551 2850 669 2915 mulier
692 2873 766 2936 quae
797 2800 949 2916 oraverat
977 2851 1022 2916 ad
1047 2851 1151 2916 altare
1174 2851 1321 2936 ejusdem
1350 2801 1436 2915 mar-

216 2919 322 3062 ffi
384 2953 476 3039 tyris.
537 2953 583 3018 Et
620 2953 772 3038 quamvis
809 2952 949 3018 elamore
986 2953 1133 3018 virorum
1171 2958 1437 3038 praemoneretur,

384 3060 496 3121 temen
517 3075 629 3122 casum
644 3055 770 3120 arboris
792 3054 981 3142 improvida
994 3075 1061 3119 non
1076 3054 1218 3134 vitavit3
1239 3075 1318 3120 nam
1340 3078 1438 3141 super

217 3051 295 3117 tang

217 3117 360 3233 fflfflf
384 3179 457 3224 eam
488 3158 585 3223 arbor
616 3178 745 3222 ramosa
775 3157 853 3234 ruit,
876 3156 943 3234 sed,
975 3155 1125 3222 mirabile
1156 3156 1257 3234 dictu,
1289 3159 1436 3243 pepercit

218 3248 364 3366 {affl}
386 3259 426 3338 ei,
461 3260 541 3345 quia
575 3281 609 3324 so
646 3259 934 3325 eommendaverat
971 3259 1118 3344 martyri.
1181 3258 1301 3324 Stabat
1333 3261 1437 3346 igitur

218 3382 365 3460 munito
385 3362 505 3427 mulier
537 3362 626 3426 inter
656 3382 822 3427 ramorum
846 3360 1045 3426 densitatem
1076 3360 1209 3446 penitus
1243 3360 1354 3439 illaesa,
1387 3363 1434 3429 sic

217 3448 279 3499 nrm.
386 3467 553 3529 statuente
576 3484 649 3528 eam
671 3469 818 3550 martyre
840 3467 881 3527 ut
902 3463 977 3548 ipsa
1005 3463 1050 3528 ari
1071 3463 1242 3529 dexteram
1264 3462 1318 3528 vel
1340 3463 1436 3528 sinis-

386 3570 473 3631 tram
494 3564 550 3630 vel
580 3564 706 3631 modioe
738 3565 810 3630 sina
842 3564 894 3629 sui
927 3564 1125 3631 enutritione
1156 3586 1223 3631 non
1248 3565 1436 3632 declinaret.

387 3666 626 3733 Proeumbebat
655 3666 734 3733 hina
767 3667 844 3733 inde
876 3667 976 3732 robur
1007 3667 1196 3752 spatiosum,
1230 3667 1338 3753 spatia
1368 3668 1438 3735 lata

388 3790 465 3836 essu
498 3790 557 3834 suo
590 3770 797 3847 oontristans,
829 3769 887 3834 sed
918 3768 1061 3835 brachiis
1095 3768 1246 3837 innoouis
1277 3770 1435 3837 famulam

387 3871 543 3957 martyris
565 3871 772 3956 amplectens.
820 3871 898 3936 Non
921 3871 1010 3936 enim
1034 3871 1175 3937 debebat
1189 3876 1229 3936 ut
1244 3874 1437 3959 sanguinem

386 3973 540 4040 fimderet
570 3973 753 4039 humanum
776 3973 865 4059 quod
895 3973 931 4037 in
961 3973 1124 4038 Divinum
1146 3977 1435 4043 transsumendum

387 4081 458 4144 erat
480 4075 680 4162 obsequium

389 4303 470 4389 (42.)
494 4302 543 4370 De
564 4299 706 4370 nombre
729 4306 853 4387 epota
875 4322 951 4388 quoe
972 4302 1148 4372 corrodwit
1163 4303 1281 4390 jaceas
1302 4304 1345 4373 ta
1371 4305 1439 4375 loeo

651 4426 716 4491 quo
739 4404 832 4471 aaa
857 4403 1000 4472 Thomas
1015 4405 1178 4492 jacuerat.

220 4548 345 4613 amerino,
434 4540 630 4628 Radulphus
652 4540 795 4626 quidam,
827 4541 1007 4626 presbyter,
1023 4542 1064 4607 de
1087 4542 1225 4609 civitate
1247 4544 1438 4631 Andegavis

221 4615 375 4747 fflffit,
389 4643 554 4730 profectus
576 4643 620 4709 ad
655 4648 799 4712 oestrum
833 4642 1034 4722 Chaumunt,
1068 4645 1239 4712 mulierem
1271 4648 1436 4733 quandam
