3316 6240
371 830 412 889 tt
749 844 831 891 vrrs
853 844 878 890 s.
902 844 1040 901 ruens,

369 1028 604 1106 detraheretur,
627 1035 662 1094 et
688 1030 756 1115 ipse
786 1032 951 1096 communi
974 1052 1052 1097 voce
1075 1036 1267 1097 cunctorum
1289 1030 1424 1099 sinistra

340 1196 343 1201 ,
368 1130 569 1196 detractione
592 1131 795 1196 laceraretur.
857 1132 954 1211 Quod
976 1154 1051 1198 curn
1074 1132 1110 1197 in
1139 1133 1306 1199 mandatis
1331 1153 1421 1199 acoe-

368 1234 501 1317 pissent,
527 1233 699 1321 legationis
722 1238 833 1299 tamen
861 1234 1016 1319 reliquias
1043 1240 1283 1321 prosequenter,
1309 1256 1420 1322 regem

369 1338 498 1403 arliturn
521 1342 615 1402 tanto
637 1337 747 1401 minus
762 1336 1016 1401 hotilieaverunt
1038 1343 1162 1422 quanto
1185 1337 1295 1402 minus
1309 1342 1420 1424 potes-

367 1440 447 1505 tatis
469 1439 675 1521 habuerunt3
690 1439 747 1523 qui
768 1438 839 1525 jam
854 1438 984 1515 sciebat,
1009 1446 1043 1503 et
1067 1438 1259 1527 gravissime
1285 1438 1419 1519 ferebat

366 1542 455 1626 quod
477 1546 621 1627 potestas
644 1562 758 1606 eorum
774 1541 972 1625 exspirasset
994 1546 1153 1625 exparte.
1200 1540 1246 1605 Et
1266 1562 1309 1605 no
1330 1538 1418 1605 nihil

365 1648 524 1729 ageretur,
548 1644 591 1707 ad
622 1643 819 1727 colloquium
849 1642 1128 1728 archiepiscopum
1150 1646 1360 1719 rocaverunt,
1383 1646 1419 1708 et

365 1746 538 1831 pmdixum
561 1750 612 1809 cst
633 1752 763 1831 tempus
787 1753 821 1810 et
842 1744 940 1811 locus.

411 1848 519 1933 Igitur
534 1852 766 1923 convenerunt,
781 1846 860 1911 hine
882 1846 975 1911 exsul
999 1867 1073 1911 cum
1089 1846 1317 1912 coexsulibus¹
1340 1846 1417 1925 suis,

365 1949 442 2013 inde
474 1950 583 2035 legati,
606 1949 772 2033 adjunctis
803 1948 866 2011 sibi
898 1947 1157 2033 archiepiscopis,
1192 1948 1360 2035 episcopis,
1382 1954 1420 2013 ot

364 2051 540 2116 alrlmtibus
563 2050 822 2135 quamplurimis.
878 2048 982 2135 Cujus
1005 2050 1159 2135 colloquii
1182 2050 1321 2116 tonnam
1344 2049 1417 2136 qui-

365 2154 441 2217 dam
464 2153 594 2219 cordata
615 2152 754 2217 veritate
778 2152 913 2237 loquens
936 2152 1045 2216 verbis
1068 2151 1141 2217 istis
1162 2152 1317 2219 insinuat.

387 2423 466 2507 (59.)
492 2420 624 2487 Lillcre’
646 2420 686 2485 ‹lc
708 2418 870 2507 colloquio
891 2418 983 2484 inte-r
1004 2416 1196 2485 card-iceles
1217 2426 1247 2485 et
1269 2416 1378 2485 arciri·

720 2522 911 2608 episcopam
937 2520 1057 2587 habito.

194 2671 352 2735 Remrtosn
401 2674 419 2697 “
429 2670 503 2739 Quia
521 2676 551 2725 te
565 2688 653 2741 super
670 2673 749 2725 statu
762 2670 893 2725 ecclesian
911 2673 942 2724 ct
959 2670 1123 2741 impetratio
1140 2669 1295 2739 legationis
1307 2660 1414 2725 eventu

194 2738 344 2853 {gnseffflffl
364 2758 382 2781 “
404 2754 562 2809 sollicitum
581 2772 712 2808 essenon
730 2753 856 2823 ambigo,
869 2753 906 2808 ad
919 2758 1001 2807 tuam
1019 2757 1050 2809 et
1061 2752 1184 2807 aliorum
1203 2754 1295 2807 Deum
1309 2754 1413 2808 timeu-

226 2812 329 2911 cireen·-
366 2840 383 2864 ‘⁴
405 2839 477 2893 tium
495 2838 721 2893 consolationem
740 2838 802 2892 brec
820 2836 875 2891 tibi
894 2836 1042 2891 succincto
1064 2836 1211 2890 brevitate
1228 2852 1332 2891 censeo
1349 2854 1414 2906 per-

364 2925 383 2949 “
403 2922 562 2977 scribenda.
599 2922 724 2976 Norcris
744 2920 843 2992 itaque
861 2920 1012 2974 dominum
1030 2918 1271 2975 Oantnaricnsom
1295 2924 1325 2974 at
1341 2934 1414 2973 non·

283 3024 318 3048 ¹·
364 3010 381 3034 ‘⁴
401 3006 497 3062 nullos
522 3006 559 3061 de
586 3004 767 3060 coexsulibus
793 3005 853 3058 suis
872 3003 903 3057 in
927 3001 1057 3058 octaris⁹
1086 3002 1163 3057 beati
1188 3001 1311 3057 Martini
1335 3000 1413 3055 inter

211 3068 231 3115 '⁵
284 3072 347 3131 ‚.''.
363 3093 382 3116 “
402 3090 562 3144 Gisortium
593 3093 624 3143 et
653 3088 751 3141 [thiam
768 3086 939 3141 accessisse
969 3085 1007 3139 ad
1036 3084 1213 3155 colloquium
1239 3084 1411 3155 legatorum.

234 3173 239 3185 '
281 3173 321 3267 1’
362 3172 544 3241 “Quicum
569 3172 664 3225 multa
688 3170 909 3241 proposuissent
930 3169 967 3223 dc
992 3168 1114 3223 caritate
1139 3168 1249 3222 domini
1273 3182 1357 3237 papae
1380 3170 1412 3221 et

401 3253 597 3309 sollieitudine
623 3253 715 3307 nostri
740 3270 828 3323 qutun
847 3251 989 3307 attentius
1008 3252 1096 3322 gerit,
1115 3250 1152 3305 de
1170 3248 1317 3305 laboribus
1334 3250 1412 3321 ipso·

190 3337 247 3407 3⁵32,
259 3336 298 3385 ed.
362 3340 381 3364 “
401 3356 467 3391 ram
486 3342 516 3390 ct
532 3336 648 3391 itineris
665 3336 812 3406 periculis,
832 3335 869 3389 de
887 3335 1091 3407 magnitudine
1107 3334 1247 3407 principis
1265 3338 1296 3389 et
1312 3350 1412 3389 ncces·

189 3398 268 3448 GM
363 3424 381 3449 ‘⁶
402 3421 488 3474 sitate
506 3419 644 3485 ecelesias,
664 3419 701 3474 de
720 3419 834 3473 malitia
860 3420 1008 3490 temporis,
1028 3418 1064 3472 de
1091 3436 1188 3474 amore
1206 3423 1237 3474 ct
1262 3417 1411 3473 beneficiis

362 3507 380 3533 “
400 3504 505 3574 quibus
523 3502 657 3558 dominus
670 3520 720 3557 rex
739 3506 921 3574 praercnerat
939 3501 1190 3567 cantuariensem,
1205 3501 1284 3557 etde
1302 3501 1411 3557 honore

361 3591 380 3615 “
399 3605 485 3659 quem
511 3587 539 3641 ci
558 3604 674 3658 semper
699 3585 856 3650 adhibuit,³
882 3585 1052 3656 adjecerunt
1074 3586 1206 3655 querelas
1232 3589 1263 3639 et
1288 3584 1411 3656 injurias

361 3676 380 3701 “
400 3672 507 3743 quibus
531 3690 584 3727 rex
603 3689 634 3727 se
656 3672 758 3726 laesum
784 3687 847 3725 esso
872 3687 890 3724 a
916 3669 1034 3724 domino
1058 3668 1262 3724 Gantoariensi
1289 3684 1411 3739 conque·

359 3759 377 3784 “
397 3757 481 3822 n'tnr,
501 3756 653 3827 imponens
672 3756 700 3810 ei
719 3758 749 3809 et
768 3753 845 3808 inter
863 3756 969 3807 eaetera
987 3751 1065 3821 quod
1083 3752 1110 3805 ei
1129 3750 1306 3806 excitaverat
1323 3768 1409 3823 guer-

357 3843 376 3867 “
395 3858 459 3895 ram
482 3840 561 3910 rogis
580 3840 767 3893 Francorum.
806 3837 938 3907 Cumque
964 3835 1147 3905 ‹quererent⁴
1165 3834 1321 3890 consilium
1338 3850 1408 3907 quo-

357 3926 375 3950 “
394 3923 480 3978 modo
498 3928 611 3978 tantam
623 3921 856 3992 indignationem
874 3920 989 3990 placare
1001 3922 1128 3988 possent,
1143 3918 1213 3987 quia
1229 3917 1293 3973 sine
1310 3918 1406 3973 multa

355 4008 374 4033 “
394 4007 561 4061 humilitate
579 4009 611 4060 et
636 4004 835 4059 moderatione
861 4008 891 4056 et
919 4001 1096 4056 exhibitione
1122 4000 1239 4057 honoris
1264 4005 1406 4058 noverant

354 4091 373 4115 “
392 4090 484 4144 tantis
500 4088 637 4159 perieulis
654 4088 816 4142 remedium
828 4086 959 4141 adhiberi
978 4103 1036 4140 non
1053 4103 1145 4156 posse,
1166 4082 1404 4141 cantuariensis⁵

354 4175 372 4199 ‘⁸
392 4172 422 4227 in
440 4174 518 4227 omrri
536 4172 703 4226 humilitate
722 4176 752 4224 et
770 4168 990 4225 mansuetudine
1009 4168 1141 4240 spiritus,
1154 4173 1221 4240 post
1238 4171 1401 4241 gratiarum

353 4259 371 4284 “
391 4256 537 4312 actionem
553 4255 669 4310 domino
681 4271 763 4325 papa
782 4258 812 4307 et
830 4253 888 4307 illis
904 4252 1043 4319 debitam,
1061 4253 1211 4324 respondit
1229 4252 1266 4307 ad
1283 4252 1400 4325 singula

384 4497 391 4528 ι
410 4496 530 4556 Μῃὸω,
541 4494 575 4544 γ,
588 4496 618 4543 1,
872 4490 876 4549 ζ
901 4476 1110 4608 L⁴GQurrrcntes
1130 4478 1183 4540 (for
1196 4478 1283 4543 Cumq.
1303 4481 1405 4543 qm),

382 4602 392 4633 ²
410 4610 507 4661 orrares,
519 4601 549 4649 L·
562 4600 594 4649 G·
933 4637 944 4668 ⁶
963 4638 1089 4690 Cantaur.
1100 4656 1158 4691 vero
1171 4644 1212 4706 (8⁸
1223 4640 1364 4709 beginning
1376 4642 1408 4693 ⁰f

381 4707 391 4738 ³
409 4705 529 4763 exhibuit,
540 4706 571 4754 L.
583 4704 616 4755 G.
900 4732 981 4768 aneu
993 4722 1137 4783 sentence),
1147 4720 1219 4773 LG.
