3316 6240
377 759 442 822 426
712 772 891 822 Minaeum
913 775 939 823 s,
960 775 1097 834 raons,
1288 761 1365 845 [rra.
1381 777 1430 825 vn

378 957 484 1022 saneti
518 959 674 1042 martyris
707 959 945 1042 querimoniam
985 959 1154 1043 deponere,
1191 963 1226 1023 et
1257 959 1344 1024 sicut
1377 960 1428 1024 in·

378 1057 534 1144 gratum¹
558 1082 633 1124 eum
656 1082 800 1145 arguere,
825 1061 913 1145 quod
947 1062 982 1123 in
1005 1060 1112 1145 operis
1136 1061 1187 1124 sui
1220 1063 1430 1128 exsecutione

379 1184 413 1226 sc
436 1162 585 1226 damnari
608 1163 817 1248 permisisset.
864 1163 953 1227 Hinc
975 1163 1105 1227 rediens
1127 1164 1170 1227 ad
1195 1185 1229 1226 sc
1252 1165 1430 1249 compungi

379 1265 468 1349 quod
513 1266 743 1350 obloqueretur
788 1266 823 1329 in
861 1271 1050 1350 martyrem,
1090 1270 1125 1328 ct
1169 1287 1258 1330 nunc
1296 1266 1429 1350 quidem

377 1366 517 1450 martyri
563 1367 754 1452 supplicare,
800 1389 905 1433 nuno·
926 1367 961 1429 in
1005 1372 1185 1451 martyrem
1224 1367 1429 1432 stomachari.

380 1467 446 1547 Qui
468 1468 623 1553 lacrymis
645 1468 795 1553 pulsatus
819 1475 853 1533 et
883 1469 1003 1534 crebris
1021 1468 1212 1554 gemitibus,
1237 1473 1271 1532 et
1293 1469 1372 1553 quia
1394 1470 1430 1532 in

378 1591 413 1634 se
435 1570 643 1635 redundabat
655 1571 783 1655 injuria,
799 1577 875 1657 post
897 1572 985 1636 diem
1008 1570 1143 1635 tertiam
1159 1571 1259 1635 matri
1282 1571 1429 1635 mutilati

378 1673 540 1758 apparuit,
574 1692 648 1757 quae
682 1678 760 1738 ante
793 1673 915 1738 lectum
947 1674 1019 1758 ejus
1057 1673 1222 1737 decubans
1253 1674 1289 1737 in
1322 1675 1429 1738 multa

377 1774 599 1858 compassione
631 1779 769 1839 matrem
793 1796 827 1838 se
860 1780 894 1838 et
917 1775 1102 1838 ministram
1133 1774 1318 1839 exhibebat.
1365 1775 1429 1839 Ba-

377 1875 470 1940 culus
486 1875 539 1940 cui
555 1875 761 1940 innitebatur
777 1876 918 1961 figuram
930 1876 1013 1941 timu
1029 1876 1293 1961 repraesentabat.
1328 1876 1428 1942 Veste

299 1965 301 1969 ’
377 1977 517 2043 clericali
549 1977 725 2041 videbatur
755 1979 858 2054 indui,
882 1984 917 2042 et
940 1977 1026 2062 pileo
1050 1984 1151 2062 caput
1173 1978 1427 2062 cooperiebatur,

377 2082 416 2141 ut
443 2079 618 2142 canonieus
655 2085 835 2163 putaretur.
901 2085 919 2111 “
933 2078 1048 2157 Quid,''
1080 2080 1140 2154 ait,
1171 2088 1188 2112 “
1198 2078 1346 2143 clamatis
1384 2081 1427 2144 ad

377 2189 393 2214 “
416 2185 567 2244 sanctum
582 2179 742 2244 Thomam
756 2180 793 2244 t”
833 2180 1024 2265 Respondit,
1041 2180 1133 2244 “Pro
1157 2181 1301 2265 irrogata
1332 2181 1428 2245 nobis

376 2291 392 2316 “
415 2282 601 2347 violentia.’'
646 2290 662 2315 ‘⁴
674 2282 791 2359 Tolle,''
829 2282 947 2366 inquit,
989 2290 1005 2314 “
1018 2281 1143 2346 thorale
1182 2304 1247 2366 quo
1285 2284 1429 2367 tegitur;

376 2394 393 2419 “
415 2407 502 2470 aqua
536 2385 597 2451 hac
631 2385 805 2449 benedicta
835 2385 979 2469 irrigabo
1011 2384 1112 2450 euml*
1173 2384 1266 2449 Tunc
1296 2385 1427 2450 sublate

376 2487 496 2552 thorali
520 2510 595 2553 cum
617 2488 796 2572 aspersorio
815 2487 981 2570 jacentem
1005 2486 1136 2572 rigavit.

421 2589 545 2654 Eadem
569 2589 650 2653 hora
664 2589 820 2673 apparuit
835 2592 869 2651 et
893 2587 977 2651 male
1001 2586 1146 2663 habenti,
1168 2586 1225 2650 sed
1248 2586 1284 2650 in
1306 2587 1425 2651 habitu

375 2691 560 2756 monachili.
617 2690 661 2754 Et
693 2712 766 2755 cum
797 2696 891 2754 antes
925 2696 1013 2753 retro
1047 2689 1330 2765 circumduxisset,
1368 2691 1425 2766 ait,

375 2794 491 2874 “Quid
506 2793 627 2858 clamas
649 2793 691 2857 ad
714 2814 766 2856 mc
779 2791 816 2856 l''
863 2792 999 2857 “Causa
1014 2791 1189 2867 clamoris,”
1207 2792 1325 2876 inquit,
1350 2794 1426 2856 “in-

374 2904 390 2931 “
409 2896 573 2982 juriarum
590 2896 753 2981 irrogatio,
770 2901 804 2959 et
827 2895 906 2979 quia
920 2893 1083 2958 violentas
1099 2916 1217 2958 manus
1240 2894 1425 2978 injicientes

375 3005 391 3033 “
414 2998 450 3061 in
472 3021 524 3063 me
551 3019 612 3062 nce
633 2998 739 3062 beatis
762 2997 918 3082 apostolis
940 3017 1001 3060 nec
1023 2997 1086 3060 tibi
1109 2996 1306 3073 deferebant,
1331 2998 1425 3083 cujus

374 3108 391 3134 “
414 3101 503 3186 operi
519 3099 736 3164 insistebam.'‘
784 3098 971 3161 Subintulit
995 3098 1130 3165 “Sanus
1153 3119 1187 3161 es
1199 3123 1207 3175 ;
1231 3097 1321 3162 solve
1336 3106 1423 3163 cata-

374 3210 390 3236 “
413 3202 564 3287 plasma.”
619 3201 701 3266 Haec
739 3201 850 3265 dicens
888 3199 1050 3264 abscessit.
1112 3199 1172 3264 llle
1211 3221 1328 3264 manus
1366 3202 1423 3265 ad-

374 3325 509 3368 movens
533 3302 758 3387 (nequeenim
780 3301 981 3379 somniorum
1011 3300 1219 3365 illusionibus
1241 3301 1422 3386 agebatur),

374 3412 522 3470 amotum
545 3405 667 3489 reperit
689 3403 912 3489 emplastrum.
1266 3484 1269 3489 θ

420 3507 529 3592 Igitur
560 3508 662 3590 juxta
697 3505 834 3569 verbum
872 3504 977 3567 sancti
1012 3504 1188 3568 sanitatem
1221 3510 1421 3582 consecutus,

374 3609 466 3694 prius
498 3608 616 3692 incipit
647 3607 763 3672 dolere.
812 3607 959 3670 Membra
981 3611 1134 3690 crepant,
1169 3606 1422 3691 interioremque

372 3711 538 3776 hominem
561 3710 797 3796 praeparatoria
818 3708 969 3772 sanitatis
992 3707 1123 3772 invadit
1154 3708 1312 3772 anxietas.
1358 3709 1421 3773 Ve-

371 3836 445 3878 rum
468 3836 555 3899 aqua
576 3814 732 3898 martyris
755 3813 790 3875 in
814 3817 928 3896 potum
959 3815 1091 3895 sumpta
1113 3811 1258 3874 dolorem
1280 3811 1421 3897 mitigat,

372 3938 568 4002 causamque
603 3916 723 3980 doloris
757 3935 831 3979 enm
855 3913 960 3977 multa
994 3913 1084 3977 sanie
1115 3913 1313 3999 coaguloque
1348 3937 1422 3979 san-
1453 3952 1456 3959 -

371 4020 482 4106 guinis
521 4019 638 4083 educit.
685 4016 868 4081 Adnullata
898 4015 1030 4080 dolendi
1053 4016 1192 4081 matoria
1224 4022 1325 4081 testes
1355 4017 1421 4081 duo

373 4123 501 4188 duabus
546 4121 699 4187 noctibus
744 4120 980 4195 instaurantur,
1020 4119 1248 4203 modicumque
1293 4119 1423 4185 minora

373 4248 462 4291 nova
486 4246 585 4311 quam
618 4243 729 4289 eoaeva
763 4221 873 4286 virilia
906 4221 1134 4297 reformantur,
1158 4222 1214 4286 sed
1238 4227 1272 4285 ct
1304 4228 1423 4289 caetera

371 4331 510 4394 vulnera
532 4350 606 4412 quse
629 4325 755 4390 inflicta
777 4324 908 4388 fuerant
930 4325 1202 4411 redintegrantur.

379 4487 414 4494 ..-

623 4568 629 4600 ¹
648 4569 776 4631 rrriyrutum
790 4568 883 4616 altered
897 4574 923 4615 to
935 4568 1057 4630 nigratum
1070 4568 1095 4616 ln
1109 4568 1156 4617 MS
